1951 3085
396 221 1228 287 M1stN0T1‘s.
1397 253 1454 296 41

162 411 594 493 PARS
712 408 1523 491 TERTIA„

282 539 722 614 *CAPVT
792 518 1268 602 PR'JMVM.

85 649 294 690 VRTicA
317 650 527 689 SOLVTA
558 656 879 686 MARSVPIVM
908 656 1188 686 REFERENS
1211 676 1223 696 ,
1258 657 1324 686 ET
1348 657 1535 690 MoTvs

149 716 406 747 VITALEIS
446 713 919 744 MANIFESTISSIME
957 714 1133 744 EDENS
1178 706 1387 744 MARIS
1422 707 1540 746 ARI-

145 771 436 804 MINENSIS.

26 865 29 867 ’
80 859 113 899 Ι.
198 863 228 960 Ξ
320 858 560 913 Corporibus
583 860 745 900 marinis
767 860 895 899 minus
916 861 1016 900 notis
1038 858 1220 913 quidem,
1240 858 1304 900 sed
1323 859 1428 900 duris
1449 873 1537 914 pro—

320 929 408 971 pter
429 916 567 957 Testas
588 918 624 956 8(
643 917 827 968 Crustas,
860 918 997 971 quibus
1019 919 1271 968 muniuntur,
1303 918 1350 959 ad
1372 932 1418 958 ea
1441 920 1539 957 Cor-

320 989 416 1029 pora
441 976 594 1015 marina
626 976 755 1014 minus
786 988 880 1014 nota
913 974 1132 1015 sermonem
1155 975 1325 1016 nostrum
1358 975 1538 1016 tamdem

83 1034 372 1083 convertimus,
395 1047 493 1087 quae
513 1032 695 1072 molliora
719 1033 796 1071 dici
817 1032 990 1085 possunt,
1019 1045 1228 1084 propterea
1248 1031 1351 1085 quod
1373 1031 1436 1071 Vel
1456 1046 1538 1071 mu-

82 1090 170 1131 cosa
190 1091 288 1139 fint,
320 1091 385 1129 vel
409 1089 589 1140 carnosa,
610 1101 677 1129 aut
694 1089 957 1143 cartilaginea
977 1119 988 1140 ‚
1020 1088 1085 1129 sed
1106 1088 1209 1129 nuda
1229 1090 1413 1139 omnino,
1432 1091 1541 1129 omni

82 1147 229 1188 scilicet
250 1146 441 1188 Testaceo
464 1146 726 1188 Crustaceove
749 1159 983 1200 tegumento
1013 1147 1149 1187 orbam
1168 1175 1177 1185 .
1216 1148 1347 1187 Primo
1369 1147 1453 1186 loco
1483 1162 1542 1186 oc-

83 1206 203 1245 currit
226 1205 336 1243 nobis
359 1206 495 1243 Vrtica
516 1205 611 1243 haec
632 1218 756 1257 parva
779 1203 1022 1257 marsupium
1056 1204 1225 1245 referens
1244 1235 1256 1256 ‚
1287 1220 1365 1258 qua
1395 1203 1540 1244 aestate

86 1264 204 1303 Mare
226 1262 400 1312 nostrum
421 1260 565 1311 scatet,
596 1262 633 1299 8(
655 1262 802 1300 retibus
833 1275 910 1299 una
933 1276 1021 1300 cum
1044 1261 1211 1301 Piscibus
1243 1276 1265 1302 a
1286 1261 1541 1301 Piscatoribus

86 1322 267 1374 capitur,
297 1319 388 1359 inde
420 1332 555 1358 tamen
576 1331 740 1372 propter
772 1330 952 1358 urentem
984 1319 1020 1357 8(
1041 1331 1279 1359 venenatam
1310 1319 1544 1360 facultatem

86 1377 296 1431 rejicienda
316 1406 326 1415 .
360 1378 477 1416 Hanc
500 1374 699 1430 depi&ain
722 1375 884 1415 exhibet
905 1376 1063 1415 Tabula
1084 1378 1156 1415 IV.
1181 1376 1304 1430 figura
1324 1379 1372 1416 V.
1395 1375 1461 1415 sub
1482 1377 1542 1417 lit-

85 1447 171 1476 tera
193 1437 248 1474 F.
281 1435 437 1488 Corpus
461 1434 536 1472 hoc
567 1433 615 1472 ad
637 1433 857 1472 animantia
879 1432 1124 1472 referendum
1145 1432 1199 1473 est
1229 1446 1315 1473 tum
1339 1434 1429 1487 quia
1452 1448 1543 1474 nan-

87 1492 135 1532 do
156 1506 226 1545 per
247 1506 355 1531 mare
388 1492 506 1544 longe
531 1491 690 1544 lateque
711 1502 903 1544 vagatur,
935 1502 1022 1529 tum
1047 1491 1139 1544 quia
1159 1491 1208 1531 ad
1228 1492 1358 1531 Littus
1378 1505 1399 1531 a
1421 1490 1544 1531 Pisca-

86 1549 235 1590 toribus
257 1546 445 1600 rejeffium
469 1578 482 1599 ,
512 1560 555 1588 ut
578 1547 690 1602 saepe
712 1549 792 1588 vidi
826 1561 953 1587 motus
973 1549 1129 1592 vimleis
1160 1549 1419 1602 palpitatione
1451 1563 1544 1603 qua-

85 1607 179 1648 dam
199 1620 269 1660 per
289 1606 435 1661 plureis
457 1606 571 1645 horas
591 1605 899 1646 manifestissime
921 1606 1001 1646 edit
1022 1636 1032 1646 .
1065 1606 1184 1648 Pedes
1215 1607 1333 1648 habet
1354 1619 1544 1661 quatuor,

86 1665 123 1704 8(
144 1666 326 1718 Corpore
352 1663 406 1703 est
426 1664 622 1718 pellucido
643 1664 680 1702 8(
701 1663 898 1718 splendido
922 1677 964 1703 ut
986 1664 1114 1704 oculos
1135 1665 1297 1705 hebetet
1317 1695 1328 1716 ,
1359 1665 1545 1718 quemad-

88 1722 254 1762 modum
275 1723 451 1774 loquitur
472 1722 729 1773 Rondeletius
752 1721 798 1762 de
820 1723 958 1775 quinta
979 1721 1043 1762 sua
1066 1722 1204 1775 majori
1217 1723 1443 1762 Vrticarum
1466 1721 1545 1775 spe-

88 1781 147 1819 cie
176 1810 187 1830 ,
220 1793 320 1832 quae
353 1779 439 1818 heic
461 1793 615 1831 quoque
647 1779 828 1830 frequens
858 1781 1074 1831 reperitur,
1105 1781 1142 1817 8(
1173 1781 1382 1819 vernacula
1414 1780 1547 1833 lingua

90 1836 232 1878 eodem
255 1836 360 1888 turpi
380 1836 538 1874 nornine
561 1849 605 1874 ac
626 1834 694 1873 ista
715 1849 738 1873 a
757 1834 892 1872 nostris
912 1835 1098 1873 donatur.
1121 1837 1235 1874 Haec
1256 1837 1381 1875 Parva
1402 1837 1441 1874 in
1460 1837 1543 1875 fun—

89 1894 137 1934 do
170 1892 364 1946 Marsupii
388 1921 399 1942 ,
430 1890 762 1945 quemadmodum
795 1891 831 1928 8(
864 1891 932 1930 illa
966 1892 1117 1945 Magna
1148 1893 1188 1931 in
1219 1907 1379 1946 corpore
1411 1893 1508 1934 Pilei
1530 1924 1542 1945 ‚

90 1952 306 1992 materiam
327 1950 540 2003 quamdam
561 1948 800 1988 subalbidam
814 1978 825 1998 ,
847 1949 883 1986 8<
905 1949 1070 1989 minime
1091 1950 1326 2003 pellucidam
1348 1952 1544 2003 continet,

92 2023 213 2063 quam
243 2007 438 2048 viscerum
471 2008 555 2047 loco
587 2006 662 2046 istis
696 2005 937 2060 imperfetffis
958 2008 1239 2048 Animantibus
1269 2008 1342 2049 effe
1374 2010 1513 2062 opinor
1532 2040 1542 2050 .

94 2064 337 2120 Imperfe&a
359 2079 456 2105 voco
487 2065 584 2105 haec
606 2065 865 2120 Animanfla,
896 2079 974 2104 non
996 2065 1098 2118 quod
1120 2066 1217 2106 mihi
1237 2066 1458 2120 persuasum
1478 2068 1545 2107 ha-

93 2125 209 2164 beam
230 2154 242 2173 ,
274 2135 316 2164 ut
338 2124 477 2177 vulgus
498 2123 845 2176 Peripateticorum
881 2122 996 2162 hodie
1028 2123 1073 2164 de
1096 2122 1248 2163 inse-&is
1264 2125 1446 2169 omnibus
1466 2136 1543 2164 tur-

91 2183 200 2237 piter
222 2180 369 2231 credit,
399 2195 422 2220 a
442 2182 548 2235 putri
569 2183 735 2221 materia
756 2182 874 2230 oriri,
905 2181 942 2219 8(
963 2194 1187 2234 comparate
1210 2181 1257 2221 ad
1279 2183 1354 2221 alia
1374 2211 1386 2231 ,
1418 2193 1459 2220 ut
1491 2182 1544 2221 lo-

91 2251 271 2294 quuntur
291 2269 302 2290 ,
334 2236 628 2292 imperfectiora
658 2239 730 2279 effe
763 2253 770 2276 :
817 2240 929 2279 Haec
959 2240 1066 2278 enini
1098 2237 1416 2292 Imperfeclionis
1448 2238 1543 2281 Idea

92 2312 214 2352 quam
236 2297 429 2337 exhibent
450 2327 461 2347 ‚
495 2310 554 2336 res
577 2295 630 2336 est
661 2296 774 2337 valde
798 2296 913 2336 dubia
933 2325 945 2346 ,
976 2310 1023 2336 ne
1046 2295 1183 2335 falsam
1205 2296 1333 2335 dicam
1354 2298 1540 2338 omnino,

91 2357 206 2396 Nam
228 2367 513 2411 praeterquam
534 2353 639 2408 quod
659 2355 821 2394 Animal
843 2353 1044 2408 quodlibet
1071 2353 1287 2407 perfeclum
1320 2354 1373 2394 est
1404 2355 1444 2393 in
1476 2354 1541 2395 sua

94 2411 216 2466 specie
240 2443 252 2463 ,
283 2412 497 2452 dummodo
518 2412 704 2453 mutilum
733 2424 801 2452 aut
823 2410 1103 2451 monstruosum
1124 2425 1200 2450 non
1222 2412 1267 2451 sit
1288 2425 1300 2463 3
1333 2412 1540 2452 Interdum

95 2484 140 2511 ea
164 2471 418 2511 Animalcula
441 2485 539 2524 quae
561 2468 791 2524 imperfecla
814 2470 1018 2518 dicuntur,
1049 2469 1112 2509 vel
1132 2482 1292 2524 propter
1311 2470 1538 2521 oculorum,

93 2527 265 2582 Pedum,
295 2529 488 2572 Cordium
520 2529 556 2568 8(
576 2528 745 2573 aliarum
766 2542 898 2570 rerum
919 2525 1150 2569 strucluram
1182 2528 1218 2568 8<
1238 2541 1446 2569 numerum
1479 2541 1537 2568 ce-

1112 2586 1144 2625 F
1385 2585 1475 2624 teris
