1951 3085
425 219 487 268 26
722 208 1460 267 DECONciiis

350 326 391 368 in
422 323 537 365 Colle
569 319 700 361 Sanni
722 319 894 360 Martini
926 318 966 358 in
999 319 1144 373 viginti
1175 318 1296 373 vulgo
1327 316 1422 359 diffl
1445 347 1457 369 ‚
1488 319 1557 373 qui
1587 318 1710 360 tertio
1741 329 1808 360 aut

350 393 491 437 quarto
511 378 640 433 lapide
673 380 722 419 ab
744 378 851 417 Vrbe
872 376 1000 418 nostra
1020 377 1159 429 distat,
1191 376 1411 431 hujusmodi
1442 377 1637 418 Dentales
1667 376 1809 418 fossiles

351 439 508 491 majoris
529 437 649 477 molis
681 437 784 477 inter
804 435 990 477 Conchas
1011 435 1106 478 alias
1136 438 1263 476 omnis
1282 436 1436 491 generis
1460 464 1471 487 ,
1502 434 1734 490 praesertim
1764 436 1808 476 in

352 496 471 539 fundo
484 494 663 550 quodam
686 491 934 534 Gambarelli
960 491 1064 533 dieto
1084 494 1363 535 inveniuntur.
1397 496 1506 534 Vnus
1536 493 1696 534 istorum
1728 507 1810 536 ma-

354 556 483 610 jorum
503 553 744 594 Dentalium
765 551 947 591 fossilium
970 550 1072 606 apud
1093 566 1157 593 nie
1179 552 1232 593 est
1251 564 1422 607 quatuor
1443 552 1576 607 digitis
1595 551 1810 595 Parifienfi-

355 615 425 656 bus
446 613 610 667 longus,
641 611 678 650 8<
699 611 776 650 oris
796 609 873 663 ejus
894 608 1091 650 diameter
1110 608 1199 649 o<9co
1219 611 1331 651 lineis
1351 622 1512 665 patens,

412 673 488 711 ΙΙΙ.
521 673 568 710 In
589 669 795 710 Montibus
826 669 950 709 etiam
982 669 1085 723 Agri
1108 668 1360 710 Bononiensis
1392 668 1694 722 frequentissimi
1725 666 1813 708 sunt

351 728 547 771 Dentales
566 727 704 769 fossiles
726 757 737 777 ,
769 738 811 767 ut
843 725 1130 780 saepenumero
1162 726 1255 767 dum
1278 726 1385 767 illeic
1416 725 1533 766 studii
1553 726 1679 767 caussa
1701 725 1813 781 dege-

351 800 435 827 rem
456 785 661 829 observavi
694 798 770 824 una
791 798 882 825 cum
905 783 1072 839 Josepho
1093 787 1253 826 Montio
1284 785 1387 825 illius
1417 783 1662 825 Academiae
1694 786 1810 824 Bota-

351 845 439 885 nico
460 842 704 883 &Historico
716 842 905 884 Naturali
929 843 1090 897 insigni.
1123 845 1180 884 At
1198 844 1239 883 in
1252 845 1396 883 Monte
1417 842 1538 896 vulgo
1555 840 1663 881 della
1685 844 1812 881 Guar-

350 903 416 943 dia
435 899 538 942 <lino
559 915 679 956 prope
701 901 898 951 Porticus,
929 901 1200 956 &Templum
1221 901 1318 942 illud
1340 900 1598 954 magnificum
1610 899 1812 954 Virginis,

349 959 571 1012 hujusmodi
592 957 759 1009 Testae,
790 970 833 999 ut
865 959 901 998 8(
923 959 1121 1001 Turbines
1143 960 1277 1011 varii,
1308 960 1347 998 &
1378 959 1458 998 alia
1490 957 1810 1011 Conchyliorum

351 1031 498 1072 genera
529 1032 578 1057 ex
609 1017 806 1056 durissimo
836 1018 874 1055 8(
895 1017 1113 1071 splendenti
1136 1019 1295 1059 Achate
1328 1019 1431 1058 intus
1453 1015 1628 1057 constant
1651 1046 1661 1055 .
1693 1015 1811 1056 Plura

352 1075 539 1129 exempla
560 1075 704 1115 horum
724 1075 963 1114 Dentalium
977 1103 988 1125 ‚
1018 1076 1054 1114 8(
1077 1077 1246 1115 aliorum
1268 1075 1586 1128 Conchyliorum
1607 1089 1657 1115 ex
1680 1074 1811 1113 Acha-

352 1143 393 1172 te
426 1133 527 1187 apud
548 1147 611 1173 me
632 1131 744 1182 sunt,
776 1147 875 1187 quae
907 1132 1008 1173 dono
1029 1133 1190 1174 dederat
1220 1133 1421 1188 praefatus
1452 1133 1633 1173 Montius
1664 1131 1810 1187 postea-

351 1203 473 1243 quam
505 1193 623 1245 Aqua
647 1191 777 1245 Regia
809 1203 852 1231 ut
874 1204 1019 1232 vocant
1043 1205 1065 1232 a
1087 1194 1231 1233 cortice
1252 1191 1420 1232 testaceo
1451 1190 1628 1244 perbelle
1660 1190 1810 1244 expoli-

351 1260 489 1288 verat.

347 1344 1811 1375 ψψψψψψψψψψψωμψψεωψψψψ

745 1426 790 1475 C
832 1425 897 1476 A
941 1424 986 1475 P
1036 1425 1087 1475 V
1134 1425 1182 1476 T
1263 1426 1318 1474 X
1334 1425 1398 1475 X.

344 1533 779 1575 ›CARYOPHYLLVS
820 1543 942 1573 sivn
966 1534 1245 1575 FVNGITES
1286 1543 1529 1575 MiN1Mvs
1564 1534 1809 1576 Tvssvto·

657 1602 744 1632 svs
777 1594 1042 1633 LITTORIS
1077 1593 1479 1634 ARIMINENSIS.

345 1707 378 1749 Ι.
582 1708 642 1747 Vc
661 1707 785 1748 etiam
805 1707 923 1748 retuli
954 1707 1028 1750 hoc
1060 1707 1297 1750 Testaceum
1318 1705 1605 1761 Corpusculum
1637 1705 1741 1760 quod
1762 1705 1807 1747 li-

404 1708 565 1846 H
602 1778 663 1806 cet
685 1766 730 1806 fit
753 1765 1016 1820 Madreporae
1038 1779 1158 1819 genus
1180 1796 1191 1817 ,
1223 1768 1259 1806 8(
1277 1766 1325 1807 ad
1349 1767 1507 1805 Plantas
1529 1763 1700 1818 lapideas
1720 1777 1807 1818 pro-

601 1822 690 1863 inde
723 1835 765 1861 ut
784 1825 964 1862 Corallia
986 1823 1237 1862 referendum
1258 1852 1270 1872 ,
1302 1834 1442 1862 tamen
1465 1823 1557 1875 quia
1579 1821 1804 1862 tubulosum

345 1878 400 1920 est
431 1878 479 1917 ad
499 1879 689 1918 animalia
710 1881 833 1917 etiam
856 1879 995 1919 referri
1018 1878 1142 1929 potest
1162 1907 1173 1927 ,
1207 1890 1249 1917 ut
1281 1879 1318 1917 &
1340 1879 1604 1919 Tubulariam
1627 1878 1803 1919 referunt

346 1934 543 1978 nonnulli.
576 1935 615 1974 Si
636 1935 755 1976 oculis
769 1936 883 1974 Vitro
904 1932 1095 1974 instruffls
1115 1934 1396 1989 conspiciatur,
1417 1946 1581 1989 apparet
1604 1950 1653 1975 ex
1676 1937 1803 1976 minu-

344 1994 495 2034 tissimis
524 1993 561 2030 8(
583 1992 822 2033 exstantibus
854 1993 998 2033 tubulis
1030 1992 1206 2033 constans
1238 1993 1347 2034 velut
1368 1993 1507 2033 Discus
1529 1991 1746 2033 flosculosus
1777 2009 1802 2036 a

344 2049 627 2091 Tournefortio
647 2049 795 2100 dietus,
825 2051 862 2090 8(
884 2064 961 2090 non
985 2051 1064 2104 ejus
1086 2051 1327 2105 depravatae
1350 2050 1520 2106 figurae,
1551 2065 1674 2106 quam
1695 2053 1801 2106 Ope-

340 2123 409 2149 rae
431 2107 580 2148 nostrae
601 2108 688 2149 heic
709 2109 825 2148 nimis
847 2107 1059 2150 oscitanter
1081 2109 1280 2150 finxerunt
1301 2110 1342 2150 in
1355 2110 1512 2151 Tabula
1525 2112 1579 2149 II.
1599 2124 1708 2149 num.
1728 2113 1799 2151 IX.

343 2165 410 2206 sub
441 2167 584 2206 litteris
607 2168 657 2206 O.
683 2168 738 2207 N.
762 2168 802 2206 P.
835 2168 1155 2221 Caryophyllum
1188 2169 1224 2207 8(
1252 2169 1441 2223 Fungites
1462 2168 1662 2222 appellavi
1694 2168 1800 2223 quod

342 2223 576 2265 exstrinsece
599 2238 767 2278 parvum
791 2226 1135 2280 Caryophyllum,
1157 2226 1221 2266 vel
1241 2227 1412 2281 fungites
1430 2227 1552 2266 fossile
1570 2226 1715 2267 referat
1729 2257 1738 2266 .

402 2284 456 2320 II.
490 2284 690 2338 Quoniam
711 2284 757 2326 de
776 2284 1050 2338 Caryophyllo
1070 2284 1182 2324 fossili
1203 2285 1341 2326 incidit
1363 2286 1425 2325 hic
1447 2284 1576 2325 sermo
1596 2313 1608 2334 ,
1639 2283 1735 2325 scire
1754 2285 1799 2324 li-

344 2349 406 2379 cet
418 2338 635 2387 hujusmodi
649 2342 808 2392 fossilia,
828 2342 1147 2397 Caryophyllum
1171 2342 1296 2394 dieta,
1320 2344 1483 2398 reperiri
1503 2342 1733 2396 frequenter
1756 2344 1798 2383 in

343 2397 549 2437 Montibus
580 2399 681 2452 Agri
711 2399 863 2451 nostri,
892 2401 930 2439 8(
957 2400 1189 2455 praesertim
1223 2402 1262 2442 in
1286 2403 1427 2442 Monte
1459 2399 1589 2442 Sanffl
1622 2402 1793 2442 Martini

345 2454 386 2494 in
413 2466 477 2494 XX
492 2484 504 2505 ,
533 2456 571 2494 8(
593 2455 722 2497 Sanni
742 2459 902 2513 Joannis
922 2459 962 2498 in
984 2460 1185 2501 Galilaea.
1219 2461 1394 2501 Vocatur
1414 2476 1437 2502 a
1460 2457 1693 2514 quibusdam
1714 2461 1793 2500 Ca—

343 2512 599 2567 ryophyllum
618 2513 762 2568 fossile,
792 2528 969 2559 ceterum
988 2518 1158 2560 arbitror
1176 2533 1298 2575 genus
1318 2520 1390 2563 esse
1414 2517 1702 2574 Madreporae,
1726 2516 1791 2559 seu

1630 2577 1731 2616 Fun-
