1951 3085
471 265 505 308 4
758 241 1501 302 PRAEFAT10.·

397 356 439 398 in
459 353 620 396 modum
638 367 716 395 una
735 367 823 394 cum
836 352 996 406 reliquis
1007 353 1167 406 optimis
1179 352 1341 392 Artibus
1354 382 1365 403 ,
1385 367 1485 407 quae
1498 350 1546 392 ad
1557 350 1848 406 Philosophiam

398 412 695 466 Historiamque
717 410 959 452 Naturalem
973 439 985 460 ,
1016 411 1053 449 8<
1073 412 1178 451 Rem
1200 410 1402 452 Medicam
1423 411 1622 465 pertine-nt
1643 411 1847 461 excrevit,

400 483 521 525 atque
553 469 747 514 excolitur
767 498 780 520 ‚
807 479 851 508 ut
871 466 985 507 hodie
1018 481 1152 507 cernas
1184 469 1352 509 eximios
1383 467 1655 522 Philosophos,
1686 469 1850 523 Regios-

398 543 475 582 que
506 541 604 581 pene
633 526 810 567 Medieos
841 524 1015 565 Conchis
1046 524 1308 580 Cochleisque
1339 540 1429 566 cum
1460 527 1596 580 primis
1627 524 1849 576 oblefflri,

397 585 625 639 Scriniaque
647 584 895 625 refertissima
917 596 1053 623 earum
1073 582 1242 633 habere,
1272 595 1390 636 atque
1411 585 1547 623 Libros
1569 584 1779 638 perpolitos
1799 583 1847 624 de

398 644 458 684 his
479 642 615 684 edere.
650 642 787 682 Testes
807 641 906 681 mihi
937 640 1010 679 sint
1042 641 1082 679 in
1114 641 1187 680 hac
1208 654 1249 680 re
1283 642 1481 681 Martinus
1501 640 1670 681 Listerus
1701 644 1845 681 Annae

396 704 572 755 Magnae
595 701 820 741 Britanniae
841 699 1020 753 Reginae
1054 697 1233 741 Medicus
1252 728 1264 749 ,
1296 699 1466 738 Hansius
1485 698 1661 738 Sloanius
1694 699 1846 739 Acade-

396 761 500 799 miae
532 759 781 799 Britannicae
811 754 1054 808 Praefeetus,
1086 757 1281 796 Antonius
1302 756 1557 798 Vallisnerius
1587 753 1739 796 Docior
1770 757 1849 796 Pri-

395 817 542 857 marius
570 816 782 857 Patavinus
801 845 813 866 ,
844 816 881 854 8<
912 813 1091 854 Medicus
1121 814 1366 865 Caesareus,
1397 814 1590 855 Nicolaus
1621 813 1847 854 Gualterius

394 874 537 928 Magni
557 875 679 913 Ducis
699 874 883 914 Etruriae
897 902 908 923 ‚
938 872 975 910 8<
995 873 1130 912 Petrus
1151 872 1396 913 Christianus
1418 873 1639 926 XVagnerus
1658 872 1847 925 Principis

393 932 601 973 Baruthini
624 930 796 980 Medici,
826 929 1012 984 Josephus
1031 931 1213 970 Montius
1245 929 1461 970 Historicus
1483 929 1690 971 Naturalis
1721 929 1758 976 δ(
1777 931 1847 970 Bo-

392 991 542 1030 tanicus
565 989 811 1029 Bononiensis
831 1018 842 1039 ,
873 987 1093 1028 Ludovicus
1124 990 1385 1042 Bourguettus
1416 986 1669 1042 Philosophus
1689 988 1845 1027 Neoco·

391 1047 553 1098 menfis,
584 1047 728 1101 aliique
761 1046 1011 1101 quamplures
1032 1077 1044 1098 ‚
1069 1047 1143 1100 -qui
1175 1047 1276 1086 hanc
1308 1060 1393 1087 rem
1424 1044 1574 1100 scriptis
1605 1046 1641 1084 8<
1662 1045 1845 1086 Cimeliis

391 1105 670 1156 excoluerunt,
701 1118 868 1159 quorum
890 1106 1013 1144 etiam
1033 1103 1415 1145 nonnulliAuffiores
1429 1134 1440 1156 ‚
1472 1106 1739 1158 Fautoresque
1761 1104 1846 1145 Stu-

389 1162 545 1202 diorum
565 1162 783 1203 nostrorum
803 1161 1056 1203 exstiterunt.
1088 1164 1152 1203 De
1174 1161 1410 1217 praestantia
1431 1176 1527 1203 vero
1548 1162 1689 1202 harum
1711 1166 1846 1202 rerum

387 1219 741 1274 praestat-quidem
772 1220 880 1260 silere
913 1235 1034 1274 quam
1065 1234 1189 1275 pauca
1209 1221 1338 1261 dicere
1357 1250 1370 1271 ,
1400 1235 1540 1261 verum
1571 1220 1704 1273 aliqua
1725 1219 1844 1258 modo

387 1291 466 1317 non
486 1278 806 1330 praetermittam
828 1305 837 1314 .
870 1279 1081 1317 Praetereo
1102 1277 1264 1330 quidem
1285 1291 1493 1330 tamquam
1513 1277 1748 1330 jampridem
1779 1277 1843 1315 ob-

385 1333 552 1375 soletum
583 1362 595 1384 ,
634 1332 759 1372 solum
790 1332 1106 1385 Conchyliorum
1138 1333 1294 1373 succum
1326 1348 1465 1388 regum
1493 1334 1630 1374 vesteis
1651 1364 1663 1385 ‚
1694 1335 1730 1373 8<
1760 1348 1843 1373 ma-

384 1404 598 1447 gnatorum
618 1391 715 1430 olim
736 1390 928 1441 infeciffe,
958 1391 994 1429 ὃ(
1014 1393 1128 1431 unice
1148 1392 1259 1444 hujus
1279 1393 1408 1433 colore
1431 1403 1472 1431 ut
1494 1406 1516 1432 a
1537 1392 1701 1446 privatis
1722 1391 1842 1444 sejun-

383 1461 571 1504 gerentur
600 1447 753 1499 fulxisse
779 1478 789 1488 .
822 1450 1030 1489 Praetereo
1051 1450 1224 1489 Vniones
1255 1464 1339 1500 quae
1372 1449 1496 1504 reipsa
1528 1450 1583 1489 nil
1615 1449 1720 1490 aliud
1752 1450 1839 1490 sunt

382 1508 452 1546 nifi
473 1506 727 1556 Concharum
748 1506 848 1546 vitia
867 1537 879 1556 ‚
912 1507 1132 1545 maximnm
1156 1518 1291 1545 tamen
1322 1509 1359 1543 δ(
1380 1507 1691 1558 pretiofissimnm
1716 1508 1840 1546 omni-

382 1564 452 1604 bus
471 1565 711 1617 temporibus
731 1565 1034 1613 Matronarum,
1056 1563 1093 1601 &
1114 1563 1339 1616 Principum
1352 1563 1610 1602 Feminarum
1631 1576 1839 1604 ornamen-

345 1640 358 1649 -
381 1632 494 1662 tum.
527 1623 625 1662 Non
655 1621 878 1677 praeteribo
909 1633 1045 1661 tamen
1077 1620 1292 1671 Conchas,
1323 1621 1572 1674 marinosque
1595 1621 1837 1671 Vmbilicos,

380 1692 591 1733 ceteraque
612 1679 651 1719 id
670 1693 789 1734 genus
810 1678 1147 1731 Conchyliorum,
1179 1693 1278 1732 quae
1310 1680 1350 1718 in
1370 1679 1550 1718 omnibus
1580 1679 1663 1720 fere
1693 1681 1837 1720 monti-

379 1737 449 1777 bus
471 1738 589 1777 Orbis
600 1739 819 1778 Terrarum
840 1738 1109 1791 reperiuntur,
1131 1737 1283 1778 Testeis
1304 1737 1378 1777 effe
1400 1737 1617 1777 luculentos
1636 1738 1772 1792 magni
1792 1737 1836 1777 il-

378 1794 454 1834 lius
472 1795 668 1834 Noachici
692 1795 938 1845 Cataclyhni
959 1824 972 1843 ‚
1003 1809 1123 1846 quem
1144 1809 1195 1832 ex
1216 1795 1276 1832 his
1296 1794 1472 1845 reliquiis
1493 1807 1741 1845 agnoverunt
1763 1797 1833 1834 Po-

376 1852 461 1905 puli
480 1851 563 1888 sere
584 1849 751 1887 universi
772 1875 784 1896 ‚
816 1860 1058 1899 quamquam
1078 1847 1207 1898 postea
1228 1848 1368 1886 fabulis
1388 1849 1522 1886 multis
1553 1862 1661 1887 more
1683 1849 1748 1888 suo
1780 1852 1836 1889 in-

379 1907 614 1955 volverunt,
645 1916 687 1943 ut
710 1903 926 1944 Venufinus
946 1904 1064 1941 Poeta
1085 1902 1160 1955 (a)
1181 1934 1192 1953 ,
1223 1904 1259 1942 &
1282 1904 1545 1945 Certaldenfis
1566 1903 1695 1947 noster
1725 1906 1800 1960 (b)
1821 1937 1833 1959 ‚

379 1977 547 2018 quorum
574 1962 725 2016 primus
754 1961 805 2001 sic
830 1958 1131 2012 Cataclysmum
1163 1961 1250 2001 Ode
1273 1963 1327 2002 II.
1361 1963 1546 2014 innuens,
1577 1964 1655 2002 ait:
1719 1966 1725 1971 '

524 2081 649 2120 Omne
680 2094 795 2133 quum
825 2081 985 2119 Proteus
1009 2090 1123 2135 pecus
1152 2080 1233 2134 egit
1255 2079 1354 2120 altos

989 2137 1117 2191 Visere
1137 2141 1318 2187 monteis,

519 2195 689 2250 Piscium
719 2194 932 2249 &summa
958 2211 1079 2250 genus
1107 2195 1235 2249 haesit
1266 2194 1391 2235 ulmo.

402 2312 652 2364 Graccusque
685 2311 946 2366 Xenophanes
975 2311 1125 2355 fatetur
1146 2314 1267 2354 etiam
1290 2327 1340 2354 ex
1362 2314 1422 2354 his
1443 2313 1560 2358 πάντα
1584 2311 1828 2356 {rt-„maim

375 2369 519 2412 πάλαι.
542 2370 692 2410 Omnia
713 2369 857 2411 scilicet
878 2371 988 2426 aquis
1009 2372 1047 2411 8<
1061 2371 1144 2414 luto
1163 2372 1260 2414 olim
1279 2371 1424 2417 infeaa
1446 2373 1574 2417 fuisse.
1597 2373 1689 2413 Hae
1710 2370 1827 2408 nimi-

1675 2440 1763 2471 rum

411 2518 469 2555 (a)
490 2521 588 2547 Horat.
604 2521 730 2548 Carmin.
753 2520 803 2548 lib.
816 2532 839 2549 1.
862 2524 916 2551 Od.
927 2526 968 2555 II.

409 2556 469 2595 (b)
488 2559 600 2591 Boccar-
611 2558 753 2598 Philocop.
775 2558 826 2587 lib.
835 2570 863 2597 7.
