1951 3085
406 326 465 360 20
700 302 1435 362 DECONCHIS

330 429 497 471 gnorum
518 415 685 455 ,frustulis
706 413 928 468 adspersum
959 426 1116 455 tantum
1147 414 1207 454 his
1238 414 1413 453 minimis
1436 413 1683 469 Corpusculis
1703 415 1780 457 sca-

330 486 411 524 tet,
443 485 483 513 ut
505 489 554 514 ex
575 475 620 512 iis
642 474 803 512 omnino
825 471 995 512 constare
1017 473 1220 512 videatur.
1257 473 1464 525 Exiguitas
1497 474 1595 512 item
1627 474 1664 513 8<
1684 474 1780 515 levi-

329 543 389 573 ·tas
408 532 548 571 horum
570 532 622 571 est
643 543 754 570 tanta
786 542 828 570 ut
852 530 1099 583 septingenta
1132 530 1200 569 vix
1233 543 1402 582 granum
1422 543 1543 569 unum
1574 531 1778 584 pendant.

329 591 488 630 Tamen
509 589 656 644 fingula
678 588 787 628 nudis
808 588 927 627 oculis
948 588 1070 627 cuivis
1093 598 1337 638 cernuntur;
1371 588 1465 640 quin
1497 587 1523 627 fi
1555 587 1780 643 diffringan-

328 659 395 688 tur
413 677 425 698 ,
456 659 585 701 putes
606 660 743 687 eorum
766 646 936 701 singulae
959 658 1154 685 concavae
1177 657 1390 698 apparent
1425 647 1561 686 Tanta
1581 645 1634 685 est
1655 646 1782 687 divisi-

329 706 460 746 bilitas
481 706 669 745 materiae
681 734 695 768 .’
727 717 914 768 tantaque
937 703 991 744 est
1019 705 1078 744 vis
1101 703 1303 741 oculorum
1328 701 1467 755 vulgo.
1502 703 1559 741 At
1583 702 1679 743 haec
1701 703 1783 744 vul·

328 777 401 817 gus
423 764 613 816 ignavum
634 763 822 813 miratur,
854 762 1017 801 minime
1041 775 1135 801 vero
1156 759 1309 813 Phyfici
1341 761 1409 813 qui
1440 772 1583 799 norunt
1616 760 1784 802 testante

329 819 700 861 Muffchenbroekio
734 819 782 874 (a
792 818 808 872 )
840 833 1006 873 granum
1028 819 1186 858 unicum
1219 808 1273 857 'fili
1302 817 1535 869 Bombycini
1567 819 1606 856 in
1637 820 1783 871 parteis

329 876 419 918 aem
439 877 549 917 oculo
571 878 752 919 vifibileis
783 878 902 918 vicies
925 878 962 916 8<
979 876 1104 917 sexies
1129 888 1297 916 centena
1318 874 1488 913 millium
1510 875 1667 914 circiter
1686 876 1783 916 divi—

329 935 369 975 di
402 935 523 989 posse.
558 936 678 989 Cujus
700 935 854 990 generis
884 934 931 974 fit
963 936 1177 973 minimum
1198 934 1271 973 hoc
1297 931 1606 986 Corpusculum,
1637 946 1696 973 res
1728 933 1784 973 est

327 993 444 1034 valde
466 993 603 1033 dubia.
637 993 702 1032 Ad
722 1007 797 1033 ova
819 992 979 1046 quidem
999 991 1191 1042 Piscium,
1214 992 1485 1039 Cancrorum,
1506 990 1786 1043 Tellinarum,

331 1051 397 1092 vel
418 1051 586 1090 aliorum
606 1051 919 1102 Conchyliorum
953 1051 1038 1104 quis
1069 1049 1198 1089 statim
1222 1048 1366 1089 referat
1388 1078 1397 1087 .
1431 1050 1528 1087 Non
1552 1048 1698 1089 referet
1719 1064 1785 1090 ve-

329 1123 375 1148 ro
400 1122 547 1163 gnavus
578 1109 760 1148 Naturae
793 1108 1104 1162 contemplator,
1136 1108 1202 1160 qui
1222 1106 1342 1160 probe
1365 1107 1476 1146 novit
1496 1121 1572 1146 ova
1593 1106 1783 1158 Piscium,

333 1167 584 1206 Cancrorum
603 1196 615 1217 ,
646 1166 938 1216 Cochlearum,
969 1165 1284 1217 Conchyliorum
1305 1194 1318 1215 ,
1346 1166 1627 1215 Lacertarum,
1657 1165 1786 1218 Papil-

331 1223 506 1274 lionum,
537 1225 812 1277 Serpentium,
843 1225 879 1262 8<
900 1224 1143 1277 Repentium
1163 1223 1331 1275 denique
1351 1223 1531 1261 omnium
1551 1222 1688 1262 mollia
1710 1222 1785 1264 effe

328 1282 369 1320 ³&
389 1281 643 1334 cartilaginea
663 1310 675 1331 ,
707 1294 785 1320 non
805 1293 900 1319 vero
921 1280 1089 1320 testacea
1111 1309 1122 1329 ,
1154 1292 1197 1318 ut
1229 1279 1315 1318 sunt
1346 1293 1422 1319 ova
1442 1280 1717 1331 Gallinarum,
1748 1281 1787 1320 δε

330 1340 484 1380 Avium
516 1339 721 1378 omnium.
755 1340 889 1394 Qiare
920 1351 1044 1390 quum
1075 1339 1255 1391 Corpora
1286 1337 1384 1379 haec
1417 1337 1584 1377 rotunda
1618 1337 1787 1379 testacea

332 1397 432 1447 sint,
463 1408 529 1436 aut
551 1409 670 1451 genus
690 1409 838 1435 novum
859 1409 909 1435 ex
931 1396 975 1434 iis
997 1395 1246 1434 conflandum
1265 1394 1341 1442 est,
1372 1406 1438 1433 aut
1459 1395 1506 1435 ad
1526 1395 1697 1435 Echinos
1729 1410 1787 1437 re-

332 1453 539 1495 ferendum
557 1483 569 1505 ,
599 1467 642 1493 ut
661 1454 702 1493 in
724 1452 839 1493 titulo
861 1452 1086 1493 dubitanter
1107 1452 1244 1492 afferui
1264 1481 1273 1491 .
1308 1454 1466 1492 Horum
1498 1453 1629 1506 aliqua
1660 1468 1787 1507 parvo

333 1512 526 1552 foramine
559 1512 631 1553 esse
653 1510 796 1551 donata
818 1509 1079 1564 microscopiis
1104 1522 1341 1561 cernuntur,
1370 1522 1413 1549 ut
1444 1523 1625 1550 notatum
1657 1510 1709 1551 est
1744 1512 1785 1551 in

333 1571 481 1624 Figura
498 1572 594 1609 IIII.
617 1569 796 1610 Tabulae
809 1571 862 1608 ΙΙ,
885 1567 951 1608 sub
971 1569 1105 1610 littera
1126 1570 1161 1609 E
1175 1599 1184 1608 .
1218 1570 1331 1608 Haec
1352 1567 1489 1608 littera
1508 1569 1546 1607 &
1569 1567 1729 1622 sequens
1751 1571 1784 1608 F

332 1626 598 1682 repraesentat
630 1629 810 1682 Corpora
841 1626 911 1666 ista
942 1627 998 1666 uti
1029 1628 1148 1667 oculis
1178 1627 1284 1666 vitro
1315 1624 1506 1666 instruffls
1537 1639 1751 1667 cernuntur
1770 1657 1780 1668 .

334 1687 377 1726 D
408 1699 502 1726 vero
534 1686 589 1726 uti
611 1686 844 1726 naturaliter
862 1684 971 1724 sunt.
1002 1685 1066 1725 De
1087 1686 1159 1726 hac
1176 1684 1297 1725 Testa
1328 1684 1427 1723 nihil
1449 1684 1555 1724 aliud
1575 1685 1786 1725 dicendum

333 1742 524 1797 superest,
555 1743 622 1783 nisi
643 1757 730 1784 eam
751 1743 825 1783 effe
847 1743 951 1783 intus
970 1756 1210 1792 concavam,
1242 1742 1346 1795 quod
1368 1743 1405 1780 8<
1422 1739 1536 1795 supra
1557 1743 1788 1796 attigimuS,

333 1801 371 1839 8<
392 1802 431 1839 in
450 1799 652 1853 superficie
673 1801 795 1839 oculis
815 1802 977 1839 armatis
998 1799 1301 1853 asperiusculam
1322 1809 1540 1852 apparere,
1567 1814 1689 1853 quare
1710 1814 1788 1840 non

334 1858 539 1897 immerito
571 1857 619 1896 ad
650 1857 895 1896 Echinorum
926 1869 1049 1908 genus
1078 1855 1310 1895 referretur.
1344 1857 1541 1893 Ceterum
1571 1857 1650 1908 ejus
1681 1858 1788 1898 color

333 1927 482 1956 terreus
501 1914 730 1967 plerumque
752 1912 827 1963 est,
858 1912 1057 1951 interdum
1084 1914 1230 1960 flavus,
1261 1911 1325 1951 vel
1346 1909 1529 1965 subniger
1543 1942 1552 1952 .

391 1974 445 2011 II.
478 1971 542 2011 Ad
572 1971 669 2011 haec
690 1972 869 2023 Corpora
890 1968 1056 2009 rotunda
1081 1998 1093 2019 ,
1125 1968 1337 2009 referemus
1367 1969 1405 2008 &
1435 1969 1514 2009 alia
1545 1970 1669 2013 ώοεαέΐῖ
1688 2001 1700 2023 ,
1730 1986 1788 2012 ra-

335 2030 440 2070 riora
459 2041 594 2070 tamen
624 2029 661 2067 δε
681 2028 880 2078 craffiora,
902 2041 1003 2081 quae
1031 2028 1071 2066 in
1091 2027 1234 2067 Arenis
1254 2028 1417 2067 Littoris
1437 2026 1553 2067 nostri
1575 2042 1788 2070 cernuntur

338 2101 517 2142 quaeque
539 2086 663 2141 figura
682 2088 774 2125 VH.
807 2084 978 2139 ejusdem
1003 2084 1185 2126 Tabulae
1217 2083 1284 2124 sub
1303 2085 1447 2124 litteris
1468 2086 1587 2128 G.‘H.
1600 2089 1631 2127 Ι.
1644 2090 1689 2127 L.
1723 2103 1789 2131 ex·

338 2145 447 2185 hibet
468 2175 477 2184 .
510 2145 574 2184 De
605 2143 743 2198 quibus
762 2172 774 2196 ,
806 2143 900 2197 quid
929 2143 1001 2184 fint
1022 2172 1034 2195 ,
1065 2142 1172 2184 idem
1203 2142 1256 2183 est
1285 2143 1448 2183 dubium
1479 2157 1523 2184 ac
1554 2144 1601 2186 de
1631 2160 1789 2201 praece-

338 2202 537 2243 dentibus.

397 2262 473 2300 ΠΙ.
507 2261 707 2317 Qioniam
727 2259 773 2301 de
796 2259 961 2300 Echinis-
978 2259 1116 2300 incidit
1137 2257 1287 2310 sermo,
1317 2260 1463 2301 referre
1482 2259 1570 2300 heic
1591 2261 1690 2303 libet
1712 2264 1791 2303 tria

338 2318 583 2359 Echinorum
613 2332 757 2372 genera
787 2319 924 2373 pasfim
944 2319 987 2359 in
1008 2317 1135 2358 nostro
1154 2319 1255 2357 mari
1277 2319 1464 2373 reperiri.
1495 2319 1674 2359 Primum
1706 2322 1788 2375 qui-

341 2375 431 2417 dem
463 2375 565 2429 quod
586 2378 808 2416 maximum
830 2376 905 2427 est,
936 2377 974 2415 8<
995 2376 1209 2431 globosmS,
1239 2377 1276 2416 8<
1306 2386 1440 2417 tantae
1472 2377 1586 2416 molis
1617 2378 1789 2432 plerum-

343 2448 418 2488 que
450 2445 492 2473 ut
512 2435 644 2487 Caput
666 2436 900 2475 Humanum
924 2435 1193 2489 magnitudine
1215 2432 1392 2488 luperet,
1424 2435 1604 2489 quodque
1622 2449 1788 2491 propter

344 2491 424 2545 ejus
444 2491 685 2545 iphaeiicam
706 2492 872 2547 figuram
895 2493 1006 2533 Melo
1027 2494 1200 2534 marinus
1222 2506 1244 2531 a
1264 2492 1521 2534 Piscatoribus
1543 2494 1664 2549 vulgo
1685 2496 1790 2536 voci-

344 2559 472 2590 tatur.
506 2549 688 2603 Speciem
709 2551 817 2592 enim
848 2549 1099 2592 exstrinlecus
1127 2549 1341 2606 praesefe1t
1363 2551 1534 2595 Melonis
1565 2552 1788 2607 cujusdam,

1668 2609 1735 2651 seu

383 2680 443 2721 ga)
464 2681 686 2722 Mtaesfchenbroex
700 2684 847 2716 Elementa
862 2683 968 2723 Physic.
989 2694 1050 2725 cap.
1062 2695 1087 2716 2.
1107 2686 1134 2724 ὃ.
1145 2687 1190 2717 26.
1211 2695 1291 2718 num.
1303 2697 1328 2716 2.
