1951 3085
469 215 539 260 60
772 196 1506 261 SPECIMEN‘

645 310 1319 366 PROPOSITIO
1402 308 1587 362 VIII.

397 427 542 479 Mare
571 422 701 495 apud
730 441 818 474 nos
853 419 1057 495 singulis
1095 419 1234 471 horis
1269 419 1320 470 in
1349 419 1512 471 Fluxu
1552 415 1612 469 ad
1653 432 1844 484 unam}

471 514 556 553 aut
585 501 793 552 alteram
814 499 1031 552 Vnciam
1063 497 1222 570 vulgo
1253 495 1461 570 assurgit
1481 537 1494 562 ,
1537 495 1606 547 ita
1647 494 1839 547 descen-

472 578 637 632 dendo
663 576 890 651 procedit
918 576 971 626 in
994 574 1211 627 Refluxu
1230 616 1243 641 ,
1285 573 1364 625 sed
1394 574 1445 624 in
1468 572 1638 624 medio
1658 572 1843 626 Fluxus

471 656 622 709 tertia
648 655 832 707 scilicet
874 655 957 704 vel
992 667 1168 726 quarta
1200 651 1325 702 hora
1361 650 1584 701 velocius
1617 649 1805 701 incedit
1829 689 1845 716 ⁷

473 733 524 788 ἃ
544 734 680 784 velut
706 733 818 784 salit
836 773 849 798 ,
873 745 930 782 ut
952 731 1012 782 ad
1035 729 1150 781 treis
1179 729 1256 780 vel
1288 742 1505 801 quatuor
1524 727 1694 778 uncias
1725 740 1846 777 tunc

477 809 709 862 ascendat
730 850 743 876 ,
785 807 964 860 deinde
996 807 1056 859 ad
1087 805 1352 877 pristinum
1381 804 1573 856 unciale
1609 822 1851 876 augmen-

475 901 587 939 tum
616 886 747 938 redit
766 925 777 936 .
821 888 896 936 Ita
925 884 975 934 in
1000 882 1213 935 Refluxu
1249 881 1478 954 procedit
1505 922 1518 947 ,
1562 895 1619 931 ut
1646 879 1854 954 singulis

475 963 615 1016 horis
645 963 705 1015 ad
734 981 889 1014 unam
920 975 1005 1013 aut
1028 962 1239 1012 alteram
1263 959 1465 1011 unciam
1489 957 1746 1009 descendat
1765 998 1778 1023 7
1805 955 1857 1010 δε

479 1042 533 1092 in
554 1040 724 1091 medio
746 1039 806 1090 ad
831 1038 1056 1089 treisvel
1088 1052 1305 1109 quatuor
1331 1078 1345 1103 ‚
1388 1035 1565 1088 deinde
1599 1049 1655 1087 ut
1679 1032 1739 1086 ab
1763 1031 1857 1085 ini-'

480 1117 559 1169 tio
590 1116 635 1167 se
664 1115 960 1187 componit.
1003 1115 1229 1186 Vterque
1258 1114 1441 1179 Saltus,
1473 1127 1529 1163 ut
1556 1113 1626 1163 ita
1649 1113 1856 1184 loquar,

481 1192 794 1245 manifestior
821 1192 888 1243 est
912 1191 962 1242 in
990 1193 1154 1242 Fluxu
1180 1190 1230 1243 ἃ
1252 1189 1466 1240 Refluxu
1488 1190 1579 1239 illo
1601 1187 1857 1262 longiori,

482 1269 599 1344 qui,
629 1284 685 1322 ut
708 1268 849 1337 dixi,
889 1267 1042 1319 semel
1076 1267 1127 1318 in
1152 1266 1230 1318 die
1257 1264 1514 1341 contingit
1534 1307 1544 1318 .

775 1376 1488 1419 SCHOLIVM.

405 1491 407 1493 ·
512 1469 716 1523 Ropofitio
737 1466 835 1508 haec
854 1465 974 1506 habet
995 1466 1090 1505 novi
1112 1465 1283 1519 aliquid,
1303 1466 1490 1519 quoniam
1512 1478 1534 1504 a
1553 1465 1735 1515 nemine,
1757 1461 1860 1517 quod

536 1527 678 1577 sciam,
710 1525 836 1565 adhuc
866 1524 984 1564 fuerit
1015 1522 1268 1563 observatum
1292 1552 1304 1572 ,
1334 1536 1443 1561 mare
1477 1520 1623 1561 scilicet
1656 1523 1697 1560 in
1728 1520 1860 1559 medio

408 1588 583 1637 fluxus,
613 1584 679 1625 vel
698 1585 888 1624 Refluxus
916 1580 1159 1622 ascendendo
1190 1580 1254 1621 vel
1275 1578 1540 1620 descendendo
1573 1578 1745 1618 velocius
1772 1579 1827 1618 ire
1849 1605 1862 1628 ‚

409 1656 452 1684 ut
474 1643 614 1684 saltum
636 1641 848 1697 quemdam
868 1639 958 1681 edat
980 1668 992 1690 ,
1022 1638 1161 1679 deinde
1181 1667 1193 1689 ‚
1229 1650 1272 1677 ut
1293 1637 1342 1677 ab
1363 1638 1478 1677 initio
1498 1647 1607 1686 erat,
1639 1635 1725 1676 sese
1758 1649 1861 1675 com-

405 1716 555 1756 -ponere
576 1702 613 1739 8<
633 1699 861 1754 procedere.
895 1699 934 1738 Si
955 1696 1083 1737 Saltus
1103 1696 1170 1736 iste
1196 1696 1237 1735 in
1256 1694 1411 1735 ascensu
1431 1696 1467 1733 8<
1488 1692 1669 1734 descensu
1689 1707 1860 1733 commu—

407 1761 467 1800 nis
488 1758 540 1800 est
559 1759 738 1799 omnibus
758 1757 873 1807 locis,
892 1757 934 1795 in
954 1755 1092 1808 quibus
1113 1756 1230 1795 Mare
1250 1752 1397 1793 aestuat
1417 1781 1429 1802 ,
1459 1750 1785 1791 manifestissimus
1809 1749 1862 1791 es-

406 1817 444 1858 se
466 1817 581 1856 debet
600 1816 646 1853 iis
666 1816 708 1853 in
727 1814 819 1852 locis
839 1841 851 1862 ‚
883 1812 1020 1865 quibus
1043 1810 1091 1850 ad
1111 1809 1373 1862 quadraginta
1385 1810 1557 1862 quinque
1579 1808 1698 1848 Pedes
1731 1807 1858 1848 ascen-

409 1874 468 1914 sus
499 1873 565 1913 iste
598 1873 635 1910 8<
666 1868 861 1910 descensus
892 1867 1053 1907 extendi
1084 1865 1227 1905 dicitur
1247 1895 1256 1904 .
1290 1866 1351 1903 Ibi
1372 1867 1480 1905 enim
1507 1866 1547 1904 in
1574 1865 1704 1905 medio
1737 1865 1864 1905 aestus

409 1933 524 1972 unica
545 1930 640 1969 hora
667 1928 801 1968 decem
822 1925 885 1966 vel
906 1923 1131 1979 quindecim
1153 1922 1270 1963 Pedes
1301 1921 1480 1962 ascendet
1502 1952 1514 1973 ,
1545 1922 1609 1963 vel
1631 1921 1861 1973 descendet,

412 1989 517 2043 quod
549 1989 695 2027 mirum
726 1983 937 2025 admodum
965 1981 1020 2023 est
1038 2010 1052 2034 ,
1082 1993 1206 2035 eoque
1235 1981 1359 2035 magis
1399 1979 1503 2035 quod
1533 1994 1556 2021 a
1586 1981 1748 2023 nemine
1780 1994 1861 2022 rne-

412 2059 594 2091 moretur
612 2077 623 2087 .

645 2142 1341 2209 PROPOSITIO
1411 2143 1672 2200 VIIII..

414 2255 550 2306 Inter
591 2251 812 2307 Fluxum
850 2252 901 2307 ἅ·
941 2250 1212 2306 Refluxum
1263 2251 1595 2326 Aquistitium
1648 2247 1867 2318 accidit3

495 2331 631 2404 quod
660 2332 803 2382 Mare
825 2329 1008 2382 scilicet
1050 2343 1168 2381 tunc
1203 2349 1361 2403 neque
1400 2328 1660 2395 ascendat,
1701 2347 1866 2400 neque

496 2408 754 2459 descendat
782 2449 794 2474 ‚
835 2407 912 2460 sed
942 2408 1218 2458 immotum
1251 2406 1375 2460 stare
1403 2406 1664 2458 videatur.
1707 2404 1867 2478 Aqui*

495 2484 690 2552 stitium
712 2485 811 2539 hoc
841 2484 1180 2540 communiter
1206 2484 1368 2560 spatio
1394 2483 1539 2538 unius
1568 2483 1724 2537 horae
1749 2494 1869 2543 conaj

1717 2574 1811 2605 nne·
