1951 3085
478 187 1161 250 PRAEFATIof
1426 210 1473 260 51

94 300 311 360 gnoscendo
333 300 559 343 Aristoteles
579 301 681 358 ipse,
712 314 754 343 ut
773 303 929 355 ferunt,
958 305 1189 345 occumbere
1220 316 1297 343 non
1318 302 1532 356 dubitarit‚·

93 377 170 403 non
190 360 292 416 quod
313 360 436 415 reipsa
458 361 569 402 stulte
589 364 629 401 in
645 362 839 416 Euripum
864 362 949 404 sese
970 363 1316 418 praecipitaverit,
1349 374 1390 401 ut
1412 363 1536 417 aliqui

92 419 344 474 scripserunt,
377 420 438 461 led
458 420 561 475 quod
586 420 740 461 fortasse
774 421 844 462 tali
877 436 918 463 re
949 436 1140 474 vexatus,
1170 423 1288 475 longo
1320 420 1441 461 studio
1461 450 1473 471 ,
1507 421 1545 460 ὃς

91 478 238 532 vigillis
259 478 442 520 distentus
461 509 473 530 ,
505 479 693 533 profunda
714 479 840 520 veluti
865 481 1121 522 meditatione
1143 478 1350 520 immersus
1368 508 1380 529 ,
1412 493 1452 519 re
1488 480 1546 518 in-

91 535 194 577 fefila
225 536 401 578 tamdem
433 539 570 577 anxius
601 537 758 578 obiierit
781 568 790 578 .
823 539 1108 578 Recentiorum
1138 539 1260 592 igitur
1292 538 1540 591 Philolopho-

91 609 180 635 rum
205 611 224 636 e
246 610 286 636 re
320 594 373 636 est
394 595 488 635 illud
511 595 717 649 perficere,
748 608 814 636 aut
846 594 985 637 salte-m
1016 598 1195 651 experiri·
1211 627 1223 648 ,
1255 597 1357 649 quod
1377 610 1427 635 ne
1450 594 1546 634 Ari-'

91 652 244 694 stoteles
275 654 434 708 quidem
466 653 575 693 ausus
594 652 648 692 est
678 653 883 694 inchoare.

150 711 223 751 Sed
244 722 457 764 antequam
479 724 583 751 meas
603 710 881 763 Propofitiones
903 723 1081 764 expono,
1112 709 1243 763 aliqua
1266 710 1352 750 heic
1374 708 1460 749 sunt
1480 723 1545 764 ge—

91 770 266 809 neratim
287 768 477 808 notanda.
510 770 642 808 Primo
662 769 783 823 igitur
804 769 1028 811 notabimus
1050 782 1157 808 mare
1179 770 1353 807 nostruin
1375 768 1547 807 Hadria-³

91 827 214 867 ticum
236 827 381 882 duplici
404 826 519 866 modo
541 826 613 868 effe
634 827 974 869 confiderandum.
996 828 1107 867 Nam
1134 826 1196 866 vel
1217 825 1545 866 considerabimus

93 898 136 925 ut
159 888 272 926 Mare
295 886 449 940 proprie
472 884 617 925 difflum
632 916 643 937 ,
665 887 727 927 vel
751 885 876 940 ipsum
898 899 938 926 ut
959 899 1150 940 magnum
1170 885 1328 939 aliquod
1352 886 1544 934 Flumen,

92 942 159 983 seu
180 957 220 983 ut
244 946 458 985 Flueutum
478 946 855 998 contemplabimur.
885 946 1018 984 Primo
1042 943 1155 983 modo
1176 956 1336 996 accepto
1357 942 1544 982 convenit

96 1002 134 1041 ei
159 1003 279 1042 aelius
301 1003 451 1052 varius,
483 1003 646 1042 acceffus
677 1017 818 1055 nempe
850 1003 886 1041 8<
910 1001 1071 1041 recessus
1092 1002 1256 1052 majores
1289 1014 1391 1041 nova
1413 1009 1545 1052 plena-

94 1072 170 1114 que
191 1062 325 1109 Luna,
356 1061 391 1098 8<
416 1060 582 1100 minores
612 1060 656 1098 i‘n‘
675 1060 964 1115 Qiadraturisy
988 1060 1024 1096 8<
1046 1058 1126 1096 alia
1147 1059 1184 1097 id
1206 1070 1325 1111 genus
1345 1086 1354 1095 .
1389 1059 1427 1096 Si
1451 1070 1545 1097 vero

93 1116 218 1171 ipsum
251 1131 292 1156 ut
316 1119 529 1156 Fluentum
562 1117 865 1165 confideremus,
897 1118 1032 1155 Motus
1051 1116 1129 1166 ejus
1150 1144 1161 1165 ,
1193 1118 1257 1155 leu
1288 1114 1550 1154 discurrentes·

94 1176 175 1228 ejus
206 1176 345 1228 Aquae
378 1174 495 1214 instar
526 1175 719 1214 Fluminis
749 1175 907 1227 alicujus
939 1186 1052 1215 erunt
1083 1172 1380 1212 considerandae
1401 1202 1411 1212 .
1455 1175 1546 1229 Q1o

98 1232 212 1274 ienlu
232 1235 267 1273 ei
290 1244 517 1286 competunt
540 1233 773 1272 Alluviones
795 1233 950 1281 variae,
984 1231 1102 1271 Alvei
1125 1231 1387 1279 elevationes,
1419 1244 1549 1270 mut..-v

99 1292 324 1345 tionesque,
346 1291 471 1331 &alia
483 1289 701 1341 hujusmodi
722 1304 764 1330 ut
786 1292 826 1330 in
843 1290 1087 1329 Fluminibus
1105 1290 1306 1328 omnibus.
1328 1289 1416 1327 Nos
1437 1302 1548 1341 prue—

95 1350 207 1404 eipue
240 1351 280 1389 in
302 1350 375 1389 hoe
394 1348 605 1404 specimine
637 1361 781 1389 eventa
804 1348 883 1401 ejus
913 1360 1154 1401 exponemus
1173 1376 1186 1396 ,
1217 1360 1316 1401 quae
1349 1347 1407 1385 uti
1440 1345 1548 1385 Mari

93 1408 252 1463 proprie
283 1405 387 1448 die'to
418 1407 660 1447 conveniunt
682 1435 691 1445 .
728 1408 838 1446 Nam
873 1406 922 1445 ad
953 1416 1118 1454 eventa,
1149 1418 1248 1458 quae
1282 1404 1343 1442 uti¹
1372 1403 1549 1442 flumini

95 1466 275 1506 accidunt
307 1466 524 1506 multorum
545 1464 797 1506 Saeculorum
815 1494 827 1515 ,
858 1463 1004 1503 nedum
1025 1461 1337 1517 quinquennales
1357 1460 1552 1501 Obstrxa-

97 1525 224 1564 tiones
255 1524 303 1564 ad
334 1523 492 1576 aliquod
523 1524 619 1563 certi
650 1522 986 1576 pronuntiandum
1021 1522 1088 1561 vix
1110 1523 1351 1561 lullieerent.
1384 1521 1551 1572 Aliquas

94 1595 233 1623 tamen
263 1580 502 1635 conjeeluras
522 1610 534 1633 ‚
566 1582 602 1621 8<
633 1581 924 1622 oblervationes
955 1581 1043 1621 heic
1075 1594 1229 1634 quoque
1261 1577 1373 1633 super
1403 1578 1477 1619 hac
1508 1590 1550 1618 re

95 1639 369 1695 adjungemus.

154 1697 329 1738 Secundo
361 1697 576 1737 notandum
598 1696 652 1737 est-
681 1710 759 1752 quo
778 1696 914 1737 ordine
947 1696 984 1735 8<
1007 1695 1122 1735 modo
1154 1694 1464 1736 Observationes
1485 1707 1552 1733 rio-

94 1755 189 1797 stras
209 1754 486 1795 instituerimus
507 1785 515 1793 .
549 1757 683 1808 Atque
716 1756 803 1795 heic
834 1754 1033 1794 sciendum
1065 1754 1118 1795 est
1150 1768 1218 1793 nos
1247 1753 1353 1793 facili
1386 1752 1550 1806 negotio

97 1827 162 1854 eas
193 1811 392 1856 absoluisse
413 1840 424 1850 .
465 1814 599 1866 QJu-rn
632 1811 739 1849 enim
771 1823 1018 1863 compertum
1050 1811 1266 1849 habeamus
1297 1809 1475 1859 Phyfieos
1508 1820 1550 1847 ut

97 1871 213 1912 Aeris
234 1870 485 1910 Gravitatem
499 1897 511 1919 ,
533 1866 795 1908 velCalorem
816 1867 1045 1920 explorent,
1069 1866 1334 1906 Instrumenta
1355 1865 1552 1919 quaedam

97 1928 254 1984 liquidis
276 1927 488 1982 semiplena
507 1925 678 1976 habere,
709 1925 745 1964 8<
776 1925 949 1964 numeris
970 1935 1107 1964 notata
1126 1953 1138 1974 ,
1170 1925 1308 1978 quibus
1339 1924 1378 1963 id
1409 1938 1550 1977 eogno-

98 1987 229 2028 seant:
264 1987 326 2026 Sic
356 1986 393 2025 8<
414 1998 481 2024 nos
511 1997 717 2033 numerOS,
747 1983 784 2022 8<
804 1983 911 2038 signa
941 1983 1166 2024 notavimus
1198 1984 1238 2022 in
1271 1983 1380 2022 Mole
1413 1983 1549 2021 Portus

99 2045 217 2087 nostri
230 2075 241 2096 ,
272 2046 308 2084 8<
328 2045 368 2084 in
384 2042 517 2097 Lignis
536 2041 794 2083 exterioribus
810 2041 998 2091 confixis,
1018 2042 1155 2095 quibus
1176 2041 1523 2080 intumeleentiam
1538 2069 1551 2089 ,

100 2106 138 2143 8<
159 2103 323 2143 accessus
355 2102 392 2141 8<
412 2100 573 2142 receffus
602 2101 732 2140 varios
764 2101 883 2140 maris
913 2100 1032 2139 nostri
1063 2098 1381 2154 eognoleeremus
1404 2129 1415 2148 ,
1446 2097 1549 2153 quod

99 2176 154 2204 ex»
173 2161 235 2201 his
265 2161 374 2201 velut
405 2172 594 2214 magnum
626 2157 901 2212 Baroseopium
921 2188 933 2209 ,
966 2160 1028 2200 vel
1060 2157 1418 2210 Thermoleopi-um
1438 2185 1451 2205 ,
1482 2167 1549 2194 aut

101 2220 244 2260 melius
274 2219 384 2260 velut
417 2231 604 2272 magnum
627 2216 940 2272 Ongoseopium,
973 2217 998 2255 fi
1031 2217 1165 2255 omnia
1185 2217 1335 2255 Graece
1366 2212 1453 2251 lunt
1485 2227 1550 2265 ap-

99 2276 309 2335 pellanda,
328 2275 473 2316 acceffu
494 2277 529 2315 8<
550 2275 690 2316 recess'u
711 2275 1104 2330 contemplabamur5
1138 2274 1272 2326 Atque
1294 2273 1335 2310 in
1356 2271 1414 2311 his
1435 2270 1549 2324 lignis

100 2336 155 2377 usi
188 2335 316 2376 sumus
348 2333 534 2376 mensuris
568 2334 876 2375 Ariminenfibus
909 2345 1113 2387 tamquam
1147 2331 1271 2385 magis
1302 2330 1517 2369 commodis
1537 2357 1549 2379 ,

101 2393 207 2436 Pede
239 2393 384 2435 scilieet
416 2392 678 2443 A-ri-minenfi,
709 2393 776 2447 qui
807 2393 1017 2432 adnotante
1052 2389 1210 2429 Andrea
1231 2387 1364 2428 Celfio
1392 2388 1550 2427 Mathe-

103 2452 253 2494 matico
274 2450 472 2506 foalenfi
506 2449 543 2489 8<
577 2451 720 2490 Amico
740 2450 866 2490 nostro
898 2449 950 2490 est
981 2448 1028 2488 ad
1060 2447 1206 2488 Pedem
1224 2446 1474 2487 Pariiienlem
1506 2455 1549 2483 ut

111 2523 237 2552 3000.
259 2509 306 2551 ad
328 2522 419 2564 599.
452 2510 522 2549 Pes
543 2508 606 2549 hic
622 2507 748 2550 noster
767 2507 1024 2549 Ariminensis
1055 2507 1093 2545 iu
1114 2506 1249 2546 decem
1271 2506 1436 2560 partei5‚
1456 2515 1550 2555 quis

1063 2565 1098 2604 G
1161 2577 1181 2603 2
1424 2562 1502 2600 Vu-
