1951 3085
481 228 548 289 '56
782 219 1490 277 SPECIMEN

647 326 1444 385 PROPOSITIO
1526 326 1626 377 VI.

410 443 559 495 Mare
582 436 940 492 Hadriaticum
962 435 1014 487 in
1037 435 1234 489 Littore
1256 434 1564 487 Ariminensi
1586 434 1758 487 ceteris
1782 454 1866 509 pa-

486 517 622 570 ribus
642 517 779 568 velut
796 515 1029 568 Flumina
1049 555 1063 582 ‚
1091 515 1370 565 Torrentes
1389 555 1403 582 ‚
1425 512 1476 568 ἃ
1497 514 1653 564 Lacus
1674 533 1864 582 omneS,

486 597 596 669 plus
617 598 887 669 Aquarum
910 593 1138 645 continet
1162 591 1350 644 Hieme
1381 612 1535 666 quam
1562 589 1757 644 Aestate
1773 629 1785 644 .

779 712 1494 752 SCHOLIVM.

516 798 720 853 Ropofitio
742 799 839 839 haec
861 828 872 849 ,
904 812 1023 851 quarn
1046 797 1163 837 instar
1184 797 1405 837 Lemmatis
1426 796 1625 850 cujusdam
1656 796 1704 837 ad
1726 795 1864 837 melius

536 857 788 897 declarandas
811 856 1092 910 Propofitiones
1113 855 1331 908 sequenteis
1351 856 1413 894 htc
1434 856 1637 908 ponimus,
1666 856 1793 908 potius
1814 853 1864 893 ad

410 918 529 956 Mare
556 928 763 968 tamquam
785 928 975 968 magnum
998 914 1213 954 Fluentum
1235 912 1544 964 consideratum,
1566 925 1686 966 quarn
1707 911 1755 951 ad
1775 913 1863 951 Ma-

409 988 451 1012 re
474 974 626 1028 proprie
649 974 819 1013 lumtum
843 973 1015 1026 pertinet
1032 1002 1042 1011 .
1077 973 1192 1012 Mare
1215 971 1322 1010 enim
1344 971 1517 1010 nostrum
1539 973 1686 1011 Hieme
1709 969 1863 1024 semper

408 1033 536 1085 magis
556 1032 757 1071 elevatum
779 1030 854 1080 est,
875 1032 911 1068 8(
935 1030 1031 1068 Vrbi
1054 1029 1202 1069 nostrae
1224 1031 1506 1084 proquinquius
1533 1043 1651 1084 quam
1675 1027 1860 1079 Aestate;

409 1088 532 1142 quue
564 1101 753 1143 perpetuo
783 1102 854 1142 per
885 1088 1198 1141 quinquennium
1231 1090 1487 1141 cognovimus
1517 1102 1567 1129 ex
1600 1089 1721 1128 Notis
1753 1086 1829 1126 illis
1849 1115 1861 1137 ‚

409 1161 505 1201 quas
525 1149 645 1186 Muro
668 1146 847 1187 interiori
867 1175 879 1196 ‚
910 1146 946 1183 8(
968 1146 1069 1186 Palis
1090 1145 1351 1185 exterioribus
1381 1147 1517 1185 Portus
1539 1146 1655 1185 nostri
1688 1144 1861 1198 apposui-

407 1218 518 1245 mus.
553 1205 637 1243 Alii
658 1204 849 1244 videbunt
882 1216 1014 1244 utrum
1045 1203 1118 1247 hoc
1149 1204 1352 1256 contingat
1384 1217 1546 1256 propter
1577 1203 1741 1255 majores
1774 1204 1858 1242 Plu-

406 1265 513 1313 νίας,
544 1262 580 1300 δ(
600 1275 762 1316 propter
783 1261 993 1315 ingressum
1015 1260 1208 1313 majorem
1229 1262 1439 1313 Aquarum
1462 1261 1692 1300 Fluminum
1712 1261 1752 1299 in
1774 1262 1861 1300 Ma-

407 1334 449 1363 re
471 1321 617 1361 Hieme
637 1334 760 1374 quam
786 1319 946 1359 Aestate
969 1332 980 1369 ;
1015 1320 1080 1358 An
1112 1330 1275 1372 propter
1307 1320 1504 1359 minorem
1535 1318 1860 1373 evaporationem

406 1381 614 1432 Aquarum
636 1379 760 1418 Maris
782 1393 804 1418 a
824 1377 942 1416 radiis
957 1376 1152 1417 Solaribus
1175 1375 1322 1416 saetam
1345 1377 1525 1418 Hiberno
1539 1390 1718 1432 tempore
1739 1390 1860 1430 quam
1919 1418 1922 1419 γ

404 1436 568 1481 Aestivo
588 1466 597 1475 .
631 1435 824 1475 Nostrum
856 1434 971 1476 modo
1003 1433 1055 1473 est
1086 1433 1395 1474 Observationes
1426 1437 1634 1490 praecipue
1657 1465 1668 1486 ,
1699 1437 1736 1475 8<
1756 1449 1859 1489 quae

408 1495 560 1549 patitur
580 1495 696 1533 Mare
719 1493 889 1544 referre,
920 1506 998 1532 non
1019 1490 1258 1545 conjecturas
1279 1493 1501 1545 declarare,
1533 1495 1570 1534 8(
1590 1492 1858 1548 Hypotheseis

406 1552 648 1607 confingere.
683 1553 804 1592 Certe
837 1552 862 1591 si
894 1566 945 1592 ex
966 1550 1138 1591 adventu
1159 1551 1298 1603 majori
1329 1553 1537 1604 Aquarum
1568 1566 1638 1605 per
1670 1552 1857 1591 Flumina

404 1612 522 1652 Mare
545 1611 691 1650 Hieme
714 1609 858 1650 crescat
879 1639 891 1660 ,
925 1622 1080 1648 corruet
1101 1609 1274 1659 celebre,
1307 1609 1343 1647 8(
1365 1609 1528 1663 vulgare
1548 1609 1645 1649 illud
1667 1609 1829 1649 effatum
1844 1638 1857 1660 ‚

404 1669 509 1722 quod
540 1671 656 1709 Mare
689 1667 859 1708 adventu
891 1681 1083 1708 novarum
1105 1668 1313 1720 Aquarum
1345 1666 1498 1721 semper
1527 1667 1632 1707 idem
1664 1679 1823 1708 maneat
1844 1697 1854 1707 .

404 1728 546 1767 Manet
580 1726 738 1780 quiden]
771 1725 926 1780 semper
956 1726 1060 1766 idem
1093 1726 1211 1764 oculis
1243 1725 1467 1779 vulgarium
1489 1726 1712 1765 Hominum
1736 1755 1748 1776 ,
1778 1739 1857 1765 non

402 1799 496 1825 vero
517 1783 794 1837 semper·idem
814 1784 990 1823 manebit
1012 1782 1255 1834 Philosophis
1275 1785 1311 1820 &
1336 1783 1635 1823 Mathematicis
1654 1812 1665 1833 ,
1698 1784 1764 1837 qui
1794 1796 1855 1824 res

402 1840 578 1881 subtilius
598 1842 635 1880 8(
656 1841 870 1880 accuratius
891 1839 1141 1893 expendunt.
1164 1840 1415 1879 Cartefianus
1439 1841 1578 1894 aliquis
1600 1841 1855 1895 Philosophus

401 1899 488 1939 heic
509 1897 663 1939 fortasse
683 1897 888 1937 concludat
910 1897 1002 1937 licet
1022 1925 1034 1946 ,
1066 1897 1202 1950 Aquas
1229 1897 1354 1936 Maris
1376 1911 1397 1936 a
1419 1897 1537 1938 Disco
1560 1899 1656 1938 Solis
1686 1913 1764 1938 non
1797 1911 1853 1940 at-

402 1957 509 1997 trahi
530 1986 542 2007 ,
572 1968 615 1997 ut
636 1955 877 1996 contendunt
900 1955 1110 1995 NeWtoni
1132 1952 1326 2007 Discipuli
1347 1967 1359 2006 3
1392 1956 1484 2009 quia
1505 1970 1627 2009 quum
1648 1956 1855 2010 depressius

400 2014 445 2054 fit
466 2017 582 2056 Mare
615 2014 716 2068 apud
736 2015 823 2053 Nos
854 2011 1008 2066 quando
1029 2012 1093 2052 Sol
1125 2013 1249 2066 magis
1281 2013 1317 2052 8(
1338 2012 1482 2053 diutius
1511 2015 1651 2055 vertici
1682 2015 1719 2054 8(
1751 2016 1853 2054 mari

399 2072 527 2112 nostro
547 2072 762 2121 incumbit,
793 2082 836 2110 ut
857 2071 998 2110 accidit
1018 2069 1201 2121 Aestate,
1234 2084 1354 2124 quam
1375 2071 1531 2126 quando
1553 2073 1694 2114 vertici
1717 2073 1753 2111 8(
1773 2087 1856 2114 ma-

398 2130 432 2170 ri
464 2131 700 2184 Populorum
732 2129 1029 2183 Hemisphaerii
1060 2128 1282 2179 inferioris,
1313 2142 1355 2169 ut
1381 2131 1566 2183 Hieme3
1599 2131 1638 2171 id
1661 2131 1746 2171 fieri
1775 2145 1854 2171 non

397 2187 521 2241 posse,
553 2189 716 2228 assumet
737 2188 987 2228 Cartefianus
1007 2217 1019 2237 ,
1051 2185 1303 2228 Attraff'tione
1326 2188 1494 2242 quadan]
1513 2219 1524 2240 ,
1556 2204 1678 2244 quum
1699 2201 1853 2230 contrata²

396 2246 498 2284 rium
530 2247 768 2300 contingat,
800 2259 920 2299 quam
953 2246 1179 2299 contingere
1212 2246 1372 2287 deberet
1397 2277 1406 2286 .
1442 2246 1696 2288 Attraffione
1729 2249 1851 2303 igitur

401 2303 603 2345 concludet
624 2303 874 2344 Cartelianus
900 2304 1025 2343 Maris
1058 2318 1116 2343 res
1138 2318 1214 2343 non
1235 2317 1423 2358 geruntur
1445 2335 1456 2356 ‚
1487 2304 1550 2346 sed
1572 2304 1747 2360 Impulsu
1771 2335 1782 2356 ,
1814 2307 1851 2345 8(

397 2362 710 2415 Compreffione.
744 2363 821 2401 Cui
845 2361 1021 2403 occurret
1041 2363 1239 2402 Newtoni
1264 2363 1506 2417 Discipulus,
1527 2364 1564 2403 8(
1586 2378 1664 2404 11011
1689 2364 1851 2418 negabit

396 2419 555 2472 quidem
576 2419 736 2460 Aestivo
759 2431 936 2474 tempore
959 2420 1089 2461 Solem
1110 2422 1234 2475 magis
1257 2422 1293 2460 8(
1318 2421 1461 2462 diutius
1476 2452 1487 2472 ,
1518 2422 1554 2460 8(
1577 2422 1624 2462 ad
1645 2422 1849 2477 perpendi-

399 2476 529 2516 culum
559 2477 639 2518 fere
660 2479 799 2518 vertici
825 2479 861 2517 8(
881 2479 990 2519 Mari
1009 2477 1135 2524 nostro
1160 2479 1386 2524 incumbere
1411 2493 1422 2533 3
1457 2482 1608 2522 Verum
1631 2495 1753 2535 quum
1774 2480 1847 2520 hoc

394 2545 569 2589 tempore
601 2535 664 2575 Sol
686 2535 730 2575 fit
752 2536 792 2576 in
815 2538 1005 2592 Apogaeo
1026 2566 1038 2589 ‚
1069 2535 1132 2578 seu
1163 2551 1185 2578 a
1216 2538 1326 2579 nobis
1357 2539 1548 2581 remotior
1568 2569 1580 2592 ,
1612 2541 1668 2580 nil
1701 2540 1846 2580 mirum

1637 2610 1789 2652 inquiet
