1951 3085
376 221 737 281 AESTUS
799 223 1327 282 MARITIMI.
1429 246 1498 296 79

120 332 351 383 continent,
373 334 412 373 in
437 333 574 387 quibus
596 333 792 374 institutae
812 333 971 374 fuerunt
994 333 1320 377 Observationes.
1355 339 1489 395 Qare
1509 338 1573 379 ad-

124 389 295 432 iefflone
326 391 468 432 harum
487 391 847 442 Observationum,
873 406 979 447 quae
1000 405 1205 447 praeterea
1226 393 1337 450 saepe
1368 398 1456 436 lunt
1486 410 1573 437 con-

124 451 292 500 formes,
314 451 484 490 multum
503 449 744 491 excresceret
763 450 984 502 Volumen,
1013 453 1264 507 multumque
1285 455 1434 508 negotii
1461 455 1498 494 8<
1517 455 1572 496 fa-

124 506 225 547 stidii
259 508 476 563 legentibus
506 509 705 551 facesseret
725 539 737 561 ,
767 510 905 563 quibus
937 523 1014 549 non
1042 512 1250 564 Specimen
1272 541 1284 562 ‚
1311 510 1377 552 vsed
1408 525 1572 567 magnus

123 565 286 619 quidam
306 568 425 608 Liber
443 567 728 621 pervolvendus
748 568 969 608 videretur.
1002 569 1129 608 Satius
1159 570 1281 623 igitur
1310 569 1406 609 duxi
1434 585 1502 610 eas
1532 584 1571 610 o-

123 624 288 664 mittere
309 656 318 665 .
352 625 548 679 Equidem
568 624 646 665 scio
677 624 929 665 Astronomos
961 624 1266 666 Observationes
1287 625 1370 666 suas
1400 629 1573 668 minutas

121 680 235 733 sane,
265 683 300 721 8<
323 683 519 723 interdum
552 684 788 736 interruptas
808 683 947 732 edere,
978 696 1078 737 quae
1110 684 1158 724 ab
1182 683 1457 725 Astronomiae
1478 685 1572 724 Cul-

119 740 268 780 toribus
290 740 403 780 avide
424 768 436 790 ,
468 739 620 781 nedum
642 740 831 781 benevole
852 742 1105 795 excipiuntur
1124 771 1136 791 ,
1168 756 1268 796 quae
1298 742 1384 782 aliis
1414 742 1572 783 fortaffe

118 811 178 838 res
202 797 360 851 putidae
386 798 594 839 videantur
613 829 625 849 ‚
656 799 759 852 cujus
776 800 834 839 ‘rei
860 801 1043 853 exemplo
1064 799 1137 840 effe
1158 799 1309 853 poffunt
1339 799 1571 854 posthumae

117 854 318 895 Francisci
339 856 543 896 Blanchini
566 858 753 897 Praelulis
777 856 997 898 Doffiffimi
1019 859 1202 897 &Amici
1223 857 1364 907 nostri,
1386 858 1571 900 Astrono-

117 914 244 953 micae
268 913 574 955 Observationes
595 945 607 966 ,
637 917 742 955 inter
762 930 856 969 quas
889 916 1163 957 benevolentia
1185 917 1284 956 tanti
1306 917 1393 955 Viri
1425 931 1571 957 nomen

116 970 290 1010 nostrum
310 972 485 1026 splendet
515 971 590 1026 (a)
615 986 622 1010 :
658 974 694 1012 8<
726 972 1032 1014 Observationes
1062 975 1166 1012 circa
1198 974 1467 1014 Meridianam
1499 977 1569 1014 Bo-

117 1028 346 1070 noniensem
379 1044 402 1069 a
421 1030 726 1071 Praeclariffimo
749 1031 976 1070 Manfredio
999 1044 1122 1081 nuper
1141 1030 1294 1079 edita-e,
1315 1043 1413 1083 quae
1433 1045 1570 1071 omnes

112 1088 290 1127 minutae
323 1087 534 1128 admodum
565 1089 651 1128 sunt
681 1088 719 1126 8<
750 1088 995 1138 interruptae
1016 1116 1026 1125 .
1060 1087 1114 1125 Et
1146 1084 1234 1125 sane
1267 1087 1350 1140 plus
1381 1089 1568 1129 utilitatis

110 1144 334 1184 Hominum
357 1146 493 1197 generi
526 1145 666 1184 afferre
697 1143 847 1196 possunt
880 1145 1056 1184 marinae
1083 1143 1453 1198 ⁴quomodocumque
1486 1147 1568 1186 Ob-

112 1199 377 1251 servationes,
409 1215 530 1254 quam
552 1200 878 1241 Astronomorum
899 1204 1076 1241 minutae
1097 1202 1189 1243 illae
1213 1203 1438 1243 Satellitum
1459 1205 1566 1258 Jovis

108 1259 380 1313 apparitiones
399 1259 778 1312 occultationesque‚
799 1259 1082 1314 Transitusque
1113 1259 1272 1311 alicujus
1294 1262 1478 1302 Planetae
1499 1261 1567 1301 sub

112 1319 270 1367 Solem,
300 1317 454 1357 aliudve
477 1317 609 1367 Sidus,
639 1318 675 1356 8<
697 1317 774 1357 alia
805 1317 843 1356 id
865 1331 984 1372 genus
1003 1347 1012 1357 .
1043 1319 1118 1357 Per
1139 1319 1312 1358 marinas
1342 1320 1447 1359 enim
1481 1321 1567 1360 No-

108 1377 280 1416 tationes
311 1374 449 1414 Classis
478 1373 700 1416 PraefeRus
719 1404 732 1425 ,
763 1376 800 1414 8<
830 1377 1014 1414 Navium
1045 1376 1298 1414 Gubernator
1328 1378 1567 1430 quicumque

111 1434 215 1474 nosse
237 1445 423 1487 poterunt
456 1447 532 1486 quo
557 1445 735 1487 tempore
757 1433 995 1486 compellant
1026 1444 1112 1472 tuto
1133 1433 1288 1472 Naveis
1308 1432 1390 1474 suas
1414 1435 1455 1473 in
1477 1435 1566 1474 Por-

110 1503 221 1542 tum,
252 1505 301 1531 ne
324 1491 495 1531 secundis
518 1492 654 1532 Ventis
678 1491 837 1544 quidem
851 1520 862 1541 ,
884 1489 946 1531 sed
967 1489 1129 1530 adverso
1150 1491 1277 1530 Maris
1298 1491 1418 1531 Aestu
1440 1493 1480 1531 in
1500 1493 1566 1533 fic-

109 1563 154 1589 co
174 1549 366 1590 haereant
387 1551 526 1589 Naves
548 1550 584 1587 8<
601 1549 833 1602 frangantur
855 1561 1069 1602 antequam
1090 1560 1273 1602 optatum
1292 1550 1479 1601 Portum,
1499 1550 1562 1592 vel

110 1606 258 1647 Insulas
279 1606 458 1660 capiant.
484 1609 590 1647 Item
611 1605 769 1647 noscere
792 1619 977 1660 poterunt
996 1621 1072 1660 quo
1096 1619 1274 1661 tempore
1295 1608 1436 1648 Naves
1457 1622 1478 1648 a
1500 1622 1564 1649 va-

106 1664 164 1704 dis
185 1665 257 1704 sint
279 1664 551 1715 abducendae,
571 1679 618 1705 ne
639 1666 842 1706 minuente
855 1664 975 1704 Aestu
995 1665 1049 1704 ibi
1061 1663 1301 1705 afflifflentur
1319 1665 1357 1705 8<
1376 1679 1562 1720 pereant,

106 1735 151 1762 ut
173 1723 388 1762 innumeris
418 1724 584 1777 contigit
615 1736 731 1763 antea
763 1724 800 1762 8<
831 1724 1034 1777 continget
1064 1721 1214 1773 rursus,
1244 1724 1286 1762 ni
1317 1723 1365 1763 ad
1396 1724 1564 1764 Aestum

107 1782 309 1820 marinum
331 1780 542 1834 diligenter
562 1781 809 1819 attendatur.
843 1781 907 1818 Ad
928 1781 1053 1832 ipium
1075 1793 1180 1819 certe
1202 1780 1414 1833 diligenter
1436 1794 1561 1822 atten-

105 1838 222 1879 debat
254 1840 303 1878 C.
323 1838 445 1891 Julius
466 1837 614 1877 Caesar
644 1839 868 1890 Imperator
886 1867 898 1888 ,
929 1837 995 1890 qui
1028 1838 1068 1876 in
1093 1837 1344 1890 expeditione
1366 1839 1562 1879 Britanni-

105 1911 150 1937 ca
172 1896 288 1936 solvit
321 1897 357 1934 &
378 1907 543 1936 ventum
575 1895 611 1934 8<
632 1894 797 1934 Aestum
818 1909 896 1934 uno
917 1907 1095 1948 tempore
1117 1893 1251 1934 naStus
1273 1893 1481 1936 secundum
1503 1896 1560 1950 (b)

104 1966 148 1994 ut
169 1953 247 2008 ipse
272 1954 445 2007 loquitur
466 1951 540 2008 (c),
561 1954 822 2007 cognovitque
840 1955 996 1993 Lunam
1016 1953 1176 2006 plenam
1198 1955 1416 1993 maritimos
1438 1954 1560 1995 aestus

103 2014 301 2053 maximos
333 2013 373 2050 in
404 2013 565 2052 Oceano
595 2012 744 2052 efficere
776 2009 1031 2060 consuevisse,
1064 2023 1181 2064 atque
1213 2024 1374 2065 propter
1405 2014 1560 2052 crebras

104 2071 434 2111 commutationes
455 2070 646 2109 Aestuum
664 2083 827 2124 magnos
849 2067 984 2109 suffitus
1005 2068 1088 2108 fieri
1109 2098 1119 2108 .
1151 2070 1335 2124 Denique
1352 2084 1497 2124 magno
1518 2071 1560 2110 il-

105 2130 133 2169 li
156 2129 394 2182 Imperatori
415 2128 594 2182 ignotum
614 2142 688 2167 non
712 2140 796 2168 erat
817 2124 1071 2181 Aequinoffli
1092 2138 1270 2181 ternpore
1303 2126 1375 2180 (d)
1398 2141 1560 2181 propter

106 2186 273 2240 majores
298 2185 437 2226 Aestus
467 2186 631 2226 infirmis
661 2187 846 2228 Navibus
876 2186 1174 2239 navigationem
1207 2184 1447 2225 subeundam
1480 2199 1558 2225 non

109 2245 206 2295 effe,
238 2244 325 2284 ideo
357 2257 448 2284 ante
471 2245 543 2284 hoc
565 2256 717 2298 tempus
748 2259 797 2285 ex
818 2256 932 2299 portu
956 2242 1072 2282 solvit
1104 2242 1139 2280 8<
1160 2244 1295 2282 naveis
1318 2244 1470 2283 omneis
1503 2244 1559 2283 in-

108 2304 296 2344 columeis
327 2304 367 2342 in
399 2303 574 2342 Galliam
605 2302 819 2356 perduxit.
853 2305 956 2342 Item
991 2315 1061 2354 per
1082 2302 1260 2340 Marinas
1283 2302 1524 2341 Notationes
1543 2330 1558 2352 ³

109 2362 211 2416 quod
236 2376 293 2402 res
311 2360 455 2400 nostras
476 2361 634 2416 propius
654 2362 838 2416 attingit,
870 2357 1016 2400 Verior
1036 2360 1075 2398 8<
1096 2359 1192 2398 alius
1209 2360 1444 2414 quicumque
1458 2360 1556 2399 Ter=

1451 2430 1495 2457 ra

230 2566 301 2601 Car]
323 2567 430 2593 Coeum.
452 2567 486 2592 de·
502 2565 664 2593 Bezacall.
687 2565 741 2601 l.4.
763 2573 847 2603 p.97.
888 2564 944 2600 (c)
966 2560 1040 2590 Ibid.
1058 2569 1161 2599 procu

148 2526 204 2561 (a)
227 2525 379 2554 Blancssin.
399 2524 670 2563 ObstruAstwnom.
693 2525 730 2556 ὠ
744 2523 896 2563 (ἶεοὲναρίτ.
920 2523 1031 2552 Veron.
1045 2531 1125 2559 1737.
1146 2531 1174 2559 p.
1187 2530 1249 2558 ες).

143 2568 154 2629 ις
167 2619 177 2632 (
197 2572 207 2639 ἕ
231 2586 376 2642 Ρ,.’έ.”ιο.;.
400 2610 436 2634 Q*
458 2603 520 2632 Lib.
536 2604 574 2633 V.
