1951 3085
385 198 725 255 AESTUS
781 197 1270 257 M‘ARITIML
1391 206 1466 268 69

107 322 194 350 rum
226 306 536 350 exundationum
569 311 684 350 Mare
713 310 841 363 potius
873 309 1119 350 Fluminibus
1140 310 1364 367 obsequitur
1383 339 1395 363 ,
1425 325 1545 366 quam

106 367 314 417 Flumina,
344 378 386 406 ut
405 381 475 421 par
496 380 604 421 erat,
634 368 742 406 Mari
762 366 1044 422 obsequantur.

406 484 1102 524 SCHOLJVM
1180 487 1240 524 II.

174 598 221 638 N
240 597 564 638 Praecedentibus
586 597 753 639 aliorum
778 596 1128 639 observationibus
1159 599 1197 637 8<
1222 598 1356 639 nostris
1386 598 1547 640 ostendi-

196 670 280 695 mus
301 655 459 709 quidem
480 655 608 707 primo
631 656 714 694 loco
745 655 1024 695 Hadriaticum
1045 657 1182 695 Sinum
1214 669 1352 697 revera
1373 658 1549 709 Proprie-

103 725 205 753 tates
231 712 387 765 alicujus
411 712 569 751 Fluenti
590 712 759 763 habere3
782 726 883 752 nunc
905 726 998 752 vero
1018 715 1054 753 8(
1075 713 1169 753 alias
1186 713 1447 766 Proprietates
1468 713 1547 766 ejus

104 770 411 820 declarabimus,
443 782 543 823 quae
568 769 812 809 Fluminibus
832 770 919 810 sunt
942 771 1065 812 veluti
1086 769 1363 812 Secundariae.
1396 775 1451 812 Et
1471 771 1547 811 hae

101 827 191 867 sunt
222 827 343 868 Alvei
373 827 558 868 Elevatio
577 856 589 877 ,
619 829 818 878 Mutatio,
849 829 1052 881 Corrofi0‚
1084 829 1246 868 Alluvio
1265 859 1274 868 .
1309 831 1362 869 Et
1394 831 1441 870 ad
1472 830 1547 882 pri-

102 899 213 926 mam
233 884 335 940 quod
356 886 499 925 attinet
520 884 709 925 fatebitur
729 887 890 940 quisque
912 885 1022 926 sanus
1053 888 1089 926 8(
1110 888 1150 926 in
1172 887 1230 925 his
1250 887 1362 927 rebus
1382 888 1446 929 vel
1468 901 1548 927 rne-

104 943 290 984 diocriter
309 941 441 982 dofftus
471 945 587 983 Mare
607 943 778 983 nostrum
809 946 1009 985 elevatum
1038 945 1112 984 effe
1144 946 1182 984 in
1204 945 1334 984 Alveo
1355 944 1421 985 suo
1442 976 1452 997 ‚
1485 943 1550 985 seu

102 1002 285 1041 Fundum
306 1001 384 1054 ejus
405 1000 519 1040 modo
542 1000 614 1042 effe
638 1001 819 1041 altiorem
852 1015 971 1055 quam
991 1002 1110 1042 fuerit
1131 1013 1272 1054 antea,
1303 1002 1418 1055 idque
1438 1012 1549 1056 patet

102 1059 167 1100 vel
189 1074 240 1099 ex
261 1059 417 1099 Cloacis
437 1058 523 1112 ips1s
544 1059 660 1098 Vrbis
680 1058 829 1098 nostrae
850 1086 862 1108 ‚
894 1071 962 1111 per
981 1072 1075 1111 quas
1106 1060 1246 1112 Aquae
1278 1059 1315 1097 8(
1342 1059 1478 1099 Sordes
1510 1060 1551 1098 in

100 1118 284 1170 proxima
296 1116 503 1164 Flumina,
535 1116 570 1153 8(
592 1129 663 1169 per
682 1116 778 1156 haec
792 1117 840 1164 „in
860 1117 977 1156 Mare
998 1116 1245 1166 defluebant,
1275 1117 1430 1169 quando
1453 1117 1550 1157 Viae

100 1174 217 1213 Vrbis
238 1184 409 1227 quatuor
427 1172 588 1225 pedibus
609 1174 644 1210 8(
664 1173 832 1226 amplius
853 1186 965 1213 erant
984 1173 1254 1227 profundiores
1275 1202 1285 1223 ,
1317 1188 1438 1228 quam
1470 1188 1549 1213 mo-

100 1231 150 1271 do
172 1232 245 1271 sint
265 1260 276 1281 ,
307 1241 350 1269 ut
381 1228 585 1270 manifesto
610 1229 872 1284 cognoscimus
902 1246 953 1271 ex
975 1232 1144 1285 antiquis
1164 1231 1342 1271 Silicibus
1360 1247 1382 1272 a
1404 1234 1551 1272 Roma-

102 1291 162 1330 nis
195 1290 234 1329 in
266 1287 477 1328 sternendis
508 1287 582 1327 viis
602 1287 733 1341 pofitis
753 1317 765 1338 ,
796 1289 862 1342 qui
893 1289 934 1327 in
964 1289 1202 1329 exstruendis
1233 1289 1345 1328 novis
1377 1289 1550 1329 Aedibus

98 1348 238 1402 passim
259 1345 519 1396 effodiuntur,
551 1345 587 1384 8(
610 1359 660 1385 ex
682 1346 925 1386 Pavimentis
946 1347 1168 1387 Teffellatis
1185 1358 1366 1387 veterum
1378 1347 1552 1387 Aedium

101 1407 140 1444 8(
162 1405 375 1445 Curiarum
399 1404 514 1442 Vrbis
535 1433 546 1454 ‚
577 1417 675 1456 quae
707 1403 846 1443 itidem
878 1403 1065 1456 profunde
1087 1402 1236 1456 sepulta
1268 1405 1548 1457 reperiuntur3

103 1465 265 1502 Tamen
287 1476 388 1502 nunc
410 1463 549 1515 Aquae
572 1461 608 1499 8(
629 1460 764 1500 Sordes
784 1460 901 1499 Vrbis
924 1462 994 1501 vix
1015 1475 1085 1514 per
1105 1461 1269 1501 Cloacas
1299 1461 1339 1500 in
1368 1463 1552 1515 proxima

100 1521 292 1560 Flumina
322 1522 358 1558 8(
379 1521 496 1559 Mare
526 1517 676 1571 poffunt
709 1520 903 1558 confluere
925 1548 936 1569 ‚
968 1530 1010 1557 ut
1035 1519 1133 1557 Vrbs
1153 1531 1393 1573 expurgetur
1415 1549 1426 1570 ,
1457 1520 1550 1560 licet

105 1590 219 1618 tanto
241 1577 359 1617 altior
378 1576 423 1615 sit
446 1574 572 1626 faeta,
603 1587 646 1615 ut
678 1577 777 1617 Viae
809 1576 1002 1630 plurimae
1023 1577 1138 1616 Vrbis
1167 1591 1411 1631 quacumque
1445 1579 1552 1618 tenui

100 1636 275 1677 fluminis
306 1634 483 1674 Arimini
514 1633 778 1674 exundatione
811 1635 920 1687 aquis
961 1635 1233 1688 compleantur
1262 1665 1274 1685 ,
1313 1633 1551 1688 praesertim

101 1694 199 1733 duae
231 1692 489 1745 Caudalunga
521 1692 557 1729 8(
587 1692 730 1732 Clodia
761 1690 886 1732 dietae
907 1721 919 1743 ,
951 1706 1050 1746 quae
1081 1692 1351 1745 posterioribus
1382 1694 1551 1734 Saeculis

101 1765 178 1791 una
210 1763 298 1789 cum
321 1749 405 1788 aliis
426 1749 641 1787 minoribus
672 1750 756 1788 loco
776 1749 952 1788 inferiori
982 1751 1016 1789 8<
1039 1749 1168 1790 versus
1189 1753 1305 1790 Mare
1337 1751 1463 1790 minus
1495 1751 1548 1790 sa—

106 1810 263 1863 pienter
284 1806 382 1845 Vrbi
405 1806 562 1845 fuerunt
584 1803 755 1857 adjeetae
776 1834 788 1855 ‚
820 1819 941 1858 quum
960 1807 1088 1859 potius
1118 1806 1144 1844 si
1177 1806 1450 1860 amplificanda
1470 1808 1548 1849 fue-

106 1878 168 1906 rat
188 1865 313 1914 Vrbs,
343 1877 422 1903 non
443 1877 488 1903 eo
508 1864 548 1902 in
568 1863 674 1913 loco,
705 1860 768 1902 sed
790 1862 919 1903 versus
939 1864 1114 1903 Monteis
1133 1863 1319 1904 debuerat
1339 1865 1550 1918 amplifica-

106 1926 140 1964 ri
160 1953 169 1963 .
204 1925 336 1980 Qlare
358 1932 468 1975 patet
489 1921 636 1960 acutius
656 1919 887 1974 prospexisse
908 1922 1109 1962 Romanos
1137 1921 1178 1960 in
1198 1921 1304 1962 Vrbe
1326 1921 1452 1963 nostra
1483 1938 1548 1964 ex-

102 1982 281 2022 struenda
303 2009 315 2030 ,
346 1992 466 2033 quam
486 1978 657 2018 Posteros
686 1978 727 2017 in
759 1991 805 2018 ea
835 1978 1110 2031 amplificanda
1131 2008 1142 2029 ‚
1174 1993 1295 2033 quum
1317 1978 1439 2033 spatio
1459 1981 1548 2020 duo-

101 2054 190 2080 rum
215 2038 386 2078 millium
407 2050 599 2076 annorum
620 2036 656 2074 8(
676 2036 842 2089 amplius
865 2037 964 2075 Vrbs
985 2037 1055 2076 illa
1075 2048 1187 2077 vetus
1209 2051 1231 2076 a
1253 2038 1443 2078 Romanis
1462 2053 1549 2079 con-

102 2098 185 2138 dita
207 2109 423 2149 numquam
445 2095 570 2149 Aquis
591 2094 821 2133 Fluminum
842 2094 879 2133 8(
896 2095 1032 2134 Coeno
1051 2095 1170 2137 fuerit
1191 2095 1420 2149 inquinata3
1444 2098 1549 2136 Con-

103 2168 167 2196 tra
187 2168 281 2195 vero
303 2154 401 2195 Viae
424 2151 619 2206 adjeffiae,
648 2152 685 2191 8<
705 2153 841 2193 Portus
861 2166 1008 2193 novum
1031 2153 1266 2192 Suburbium
1297 2155 1451 2206 penitus
1481 2154 1547 2192 ho-

102 2214 166 2254 die
188 2224 442 2266 mergantur,
474 2212 511 2250 8(
532 2223 665 2251 tamen
685 2224 788 2250 nova
807 2210 905 2250 haec
928 2210 1119 2250 Aedificia
1140 2211 1261 2250 trium
1292 2210 1358 2250 vel
1380 2222 1548 2264 quatuor

104 2271 358 2312 Saeculorum
380 2282 554 2311 aetatem
574 2270 643 2309 vix
664 2268 846 2322 superant
866 2298 875 2308 .
909 2270 1090 2308 Tantum
1113 2281 1220 2308 mare
1250 2268 1287 2306 8(
1309 2268 1439 2310 vicina
1459 2269 1548 2309 Flu-

106 2331 213 2371 mina
245 2330 284 2367 in
308 2327 438 2368 Alveo
459 2327 524 2367 suo
556 2327 698 2381 jugiter
725 2326 956 2367 elevantur.
990 2326 1117 2379 Hujus
1146 2327 1205 2366 rei
1227 2325 1350 2365 caussa
1381 2326 1454 2366 effe
1483 2341 1548 2380 po-

110 2387 184 2429 test
209 2388 365 2436 Arena,
396 2386 541 2426 Glarea
560 2415 571 2436 ,
602 2385 638 2424 8(
657 2387 803 2424 Lutum
824 2386 960 2439 ingens
980 2414 992 2435 ,
1023 2397 1121 2438 quae
1152 2384 1193 2423 in
1225 2383 1550 2425 exundationibus

106 2446 237 2487 secum
270 2444 468 2487 advehunt
500 2444 685 2484 Flumina
716 2442 841 2484 nostra
861 2473 873 2494 ,
911 2457 1009 2495 quae
1041 2443 1163 2482 etiam
1190 2441 1271 2482 levi
1302 2456 1549 2496 quacumque

107 2504 177 2545 Plu
191 2504 254 2543 via
286 2518 406 2543 coeno
429 2502 583 2543 turbida
616 2513 803 2557 apparent
824 2531 834 2541 .
868 2499 1088 2542 Observavi
1109 2500 1215 2540 enim
1235 2514 1311 2541 una
1331 2514 1419 2540 cum
1439 2501 1552 2553 Joan7

1340 2573 1389 2600 ne
1410 2559 1498 2599 Ma-
1512 2598 1517 2603 „
