1951 3085
394 239 766 299 MINVS
852 238 1234 297 NOTIS.
1409 256 1463 308 33

91 351 189 394 'teris
208 350 245 390 C
266 349 303 389 8<
322 346 372 389 M
402 363 562 391 cernere
583 350 695 390 licet.
729 349 845 390 Solen
875 363 972 390 vero
1002 351 1093 391 Mas
1125 365 1243 405 quem
1272 349 1358 392 heic
1389 350 1541 392 recude-

88 423 132 449 re
162 408 384 448 curavimus
417 410 567 463 Figura
587 410 657 447 VI.
689 405 756 447 sub
787 408 922 448 littera
944 410 978 448 G
1011 408 1152 449 eadem
1174 409 1353 460 Tabula,
1375 408 1468 450 teste
1487 410 1540 448 A·

90 465 258 507 thenaeo
291 468 327 506 8<
356 466 485 506 Plinio
517 465 674 521 ipsoque
696 466 933 507 Rondeletio
964 465 1017 507 est
1047 466 1167 507 Testa
1199 468 1379 508 caeruleo
1411 467 1538 507 colore

87 523 256 575 donata,
291 525 328 564 8<
360 525 471 566 lineis
494 526 590 566 albis
621 539 691 579 per
712 522 999 573 transversum,
1030 525 1220 578 flavisque
1241 538 1312 578 per
1331 524 1540 579 longitudi-

86 595 179 622 nem
202 581 403 634 distinola,
435 584 492 624 uti
514 583 642 637 quoad
662 583 856 622 linearum
878 578 1135 621 direfflonem
1167 581 1300 622 videre
1321 582 1375 622 est
1405 583 1446 621 in
1477 596 1541 623 no-

86 639 162 680 stra
187 639 329 695 figura.
363 642 575 681 Praeterea
597 639 816 678 Cardinem
848 636 911 678 seu
933 638 1090 692 nigrum
1112 638 1339 689 vinculum,
1371 640 1414 678 ut
1439 641 1542 679 Ron-

89 697 251 738 deletius
274 710 410 746 vocat,
442 699 483 736 in
505 707 617 750 parte
641 696 718 748 ejus
743 708 925 736 extrema
959 695 1104 747 habet,
1136 710 1212 735 non
1244 697 1284 736 in
1315 696 1467 747 media,
1499 709 1541 738 ut

88 756 255 795 Femina
286 754 485 806 unicolor,
520 753 584 795 seu
617 765 701 796 tota
739 752 969 794 flavescens.
1003 754 1119 794 Solen
1141 754 1229 795 heic
1251 756 1419 796 Femina
1438 753 1544 796 duffii

86 811 140 853 est
173 825 250 851 non
273 812 375 866 quod
408 811 534 867 reipsa
567 812 655 852 talis
690 812 736 852 sit
768 826 890 866 quum
912 810 1204 867 Androgynum
1226 813 1299 854 effe
1330 825 1543 867 utrumque

87 883 208 924 genus
233 870 435 924 probabile
458 871 528 921 fit,
559 883 601 910 ut
624 871 665 911 in
690 870 864 910 Conchis
890 870 1069 910 omnibus
1088 870 1252 922 accidit,
1283 885 1382 926 quae
1402 872 1542 910 immo-

85 928 182 968 biles
204 926 291 968 sunt
312 959 321 968 .
356 928 430 969 Sed
452 929 623 969 alterum
645 943 764 984 genus
795 928 850 969 est
881 929 929 968 ab
950 929 1075 970 altero
1096 929 1210 983 plane
1232 929 1414 970 differens
1436 941 1446 978 ;
1479 927 1542 969 sed

89 986 303 1027 Feminam
326 1000 538 1041 propterea
559 987 635 1027 dici
657 987 849 1035 arbitror,
880 986 983 1039 quod
1005 987 1107 1027 mole
1127 988 1257 1026 minor
1286 986 1441 1040 semper
1459 986 1505 1027 fit
1525 1014 1536 1025 .

87 1044 416 1097 Frequentiflima
443 1043 563 1084 Testa
595 1045 698 1098 apud
719 1058 786 1082 nos
807 1043 881 1093 est,
913 1055 1033 1096 quam
1052 1043 1183 1084 mense
1200 1044 1353 1084 Martio
1373 1043 1544 1098 praeser-

87 1101 162 1140 tim
183 1116 260 1140 una
283 1116 371 1141 cum
399 1102 523 1143 altera
535 1102 683 1142 Rustici
706 1102 835 1141 Littus
857 1102 975 1141 maris
997 1102 1209 1143 incolentes
1230 1102 1269 1141 in
1290 1103 1443 1156 magnis
1464 1115 1545 1142 ma-

80 1159 140 1198 ris
161 1159 361 1199 recessibus
384 1174 434 1200 ex
448 1161 584 1200 Arena
607 1160 817 1200 effodiunt.
841 1159 914 1199 Sed
935 1170 1100 1214 utraque
1122 1161 1163 1199 in
1183 1159 1330 1200 deliciis
1352 1159 1454 1214 apud
1476 1173 1544 1200 nos

95 1229 176 1256 non
198 1217 256 1255 ita
277 1216 353 1267 est,
373 1229 416 1257 ut
441 1218 542 1271 apud
554 1218 865 1271 Neapolitanos,
895 1219 962 1271 qui
986 1217 1182 1268 Obsonia,
1202 1218 1459 1258 &Pulmenta
1479 1231 1547 1258 va-

90 1276 151 1315 ria
173 1274 391 1327 hujusmodi
412 1275 585 1314 Conchis
607 1287 774 1324 ornant,
806 1288 900 1327 quas
917 1273 1173 1315 canaliculos
1192 1276 1250 1315 uti
1270 1276 1306 1314 8<
1326 1289 1394 1314 nos
1415 1275 1545 1329 appel-

92 1332 212 1372 litant
230 1361 240 1371 .
274 1330 498 1374 Observavi
523 1332 679 1373 Solenes
700 1333 843 1371 mareis
874 1330 994 1371 diflos
1025 1333 1065 1371 in
1087 1331 1282 1372 Intestinis
1312 1333 1445 1372 album
1478 1347 1544 1373 ex-

91 1401 341 1429 crementum
362 1392 562 1432 continere
583 1420 594 1441 ‚
626 1391 811 1429 Feminas
833 1390 990 1442 nigrum
1011 1418 1021 1428 .
1054 1390 1234 1429 Solenem
1256 1391 1358 1430 hunc
1378 1420 1390 1441 ,
1421 1404 1542 1444 quem

89 1447 301 1488 Feminam
322 1462 418 1488 voco
438 1477 450 1499 ‚
480 1462 559 1488 non
581 1448 744 1501 agnovit
776 1447 974 1485 Martinus
997 1445 1167 1486 Listerus
1187 1476 1198 1498 ,
1229 1449 1296 1501 qui
1327 1449 1419 1488 licet
1451 1462 1543 1488 eum

88 1504 139 1545 ad
169 1506 307 1545 vivum
328 1506 503 1558 pinxerit
521 1535 534 1556 ,
564 1517 700 1546 tamen
732 1504 835 1547 male
868 1506 974 1545 inter
996 1505 1183 1545 Pholades
1214 1505 1372 1546 retulit.
1405 1505 1544 1546 Phola-

89 1562 155 1603 des
187 1562 296 1604 enim
327 1576 404 1602 non
426 1564 465 1602 in
487 1564 651 1613 Arenis,
683 1562 746 1603 sed
769 1563 809 1602 in
830 1561 931 1603 saxis
953 1563 1157 1603 durissimis
1179 1562 1326 1618 degunt
1344 1593 1354 1604 .
1387 1565 1544 1604 Praete*-

93 1634 162 1660 rea
193 1618 347 1660 diversa
367 1621 528 1661 omnino
549 1621 602 1663 est
634 1621 853 1661 Pholadum
874 1620 1061 1663 strucstura
1083 1652 1092 1661 .
1126 1623 1277 1664 Merito
1298 1623 1420 1677 igitur
1440 1622 1544 1662 inter

91 1692 153 1718 res
184 1679 313 1718 minus
334 1691 445 1719 notas
476 1681 658 1720 Solenem
690 1679 790 1719 hanc
811 1681 1022 1720 Feminam
1054 1680 1129 1720 huc
1150 1680 1356 1720 retulimus
1377 1709 1388 1731 ,
1420 1694 1544 1733 quum

90 1735 173 1790 post
194 1736 449 1777 Athenaeum
481 1738 517 1777 δε
544 1738 743 1788 Plinium,
774 1751 891 1777 nemo
923 1752 1013 1778 eam
1046 1739 1278 1792 agnoverit,
1310 1752 1358 1778 ne
1390 1738 1544 1778 Ronde-

96 1794 212 1833 letius
244 1793 404 1846 quidem
434 1795 472 1831 8<
495 1793 662 1832 Listerus
692 1795 767 1831 duo
787 1796 988 1845 praeclara
1011 1797 1050 1832 in
1071 1795 1172 1832 hisce
1195 1796 1308 1833 rebus
1330 1795 1502 1835 lumina.

150 1852 204 1891 ΙΙ.
238 1851 400 1889 Praeter
429 1850 523 1888 duos
548 1860 786 1888 memoratos
807 1850 962 1888 Solenes
984 1878 996 1899 ,
1027 1850 1164 1889 tertius
1195 1849 1283 1889 heic
1314 1852 1511 1903 reperitur
1530 1881 1542 1903 ,

94 1907 239 1947 duobus
259 1906 337 1946 illis
368 1905 522 1960 semper
551 1906 681 1945 minor
710 1906 746 1945 8<
771 1906 896 1946 rarior
926 1921 948 1947 a
970 1905 1118 1946 Listero
1148 1905 1321 1960 depiRus
1343 1937 1354 1957 ,
1386 1909 1454 1962 qui
1485 1923 1542 1950 re-

95 1964 177 2004 &tus
209 1978 285 2004 non
307 1963 360 2005 est
382 1994 394 2016 ‚
425 1963 489 2004 sed
520 1963 640 2004 instar
670 1963 780 2004 Enfis
801 1964 1021 2018 Hungarici
1041 1963 1205 2004 falcatus
1225 1994 1234 2003 .
1268 1966 1418 2006 Cetera
1450 1980 1541 2007 cum

93 2037 201 2064 mare
219 2023 427 2074 convenit,
449 2022 595 2077 quique
616 2036 690 2063 non
711 2023 844 2077 inepte
867 2021 1030 2062 describi
1051 2022 1194 2076 posset:
1230 2023 1345 2064 Solen
1367 2037 1450 2064 mas
1471 2026 1541 2065 mi-

93 2095 165 2121 nor
183 2082 221 2120 8<
241 2081 365 2121 rarior
385 2080 503 2121 instar
526 2081 743 2135 Hungarici
767 2080 875 2121 Enfis
896 2080 1058 2121 falcatus
1071 2111 1080 2121 .

152 2141 227 2178 III.
262 2140 464 2196 Qioniam
495 2139 676 2180 Solenem
708 2140 917 2181 Feminam
949 2139 998 2179 ad
1028 2138 1215 2179 Pholadas
1257 2140 1392 2180 retulit
1424 2139 1542 2179 Liste-

96 2210 182 2248 rus,
211 2195 324 2237 hasce
348 2197 446 2239 mihi
466 2197 505 2238 in
529 2199 761 2238 memoriam
782 2199 1007 2249 revocavit,
1030 2211 1128 2251 quae
1149 2198 1189 2236 in
1213 2196 1312 2238 saxis
1334 2197 1381 2237 ad
1402 2196 1543 2236 ostium

96 2254 214 2295 nostri
233 2256 370 2295 Portus
401 2255 600 2300 interdum
632 2256 904 2310 reperiuntur.
942 2258 1005 2296 Ex
1038 2255 1096 2294 his
1125 2256 1232 2294 enim
1264 2255 1401 2295 eodem
1429 2253 1543 2308 paeto

97 2314 155 2353 uti
188 2328 239 2353 ex
261 2312 398 2355 Solene
430 2315 513 2355 exit
537 2315 780 2355 Vermiculus
813 2315 930 2355 instar
949 2313 1149 2353 Lumbrici
1171 2312 1357 2354 terrestris
1376 2342 1388 2362 ‚
1420 2325 1462 2352 ut
1483 2313 1538 2352 vi-

100 2371 191 2411 dere
212 2371 280 2412 est»
296 2372 397 2426 apud
417 2374 457 2413 P.
483 2373 727 2414 Bonannium
748 2403 757 2414 .
790 2373 922 2427 Major
942 2373 978 2411 8<
1001 2373 1129 2411 minor
1149 2370 1202 2410 est
1224 2371 1385 2422 Pholas,
1416 2370 1479 2409 sed
1500 2371 1540 2410 in

102 2428 211 2469 dorso
244 2432 440 2486 utriusque
473 2431 565 2471 duas
586 2431 853 2487 Cartilagines
885 2430 1067 2470 mobileis
1094 2427 1325 2480 observavi,
1356 2442 1455 2483 quae
1475 2444 1539 2469 ve-

99 2488 157 2528 lut
181 2488 266 2529 alae
288 2519 300 2540 ,
330 2487 393 2532 seu
414 2489 587 2530 cardines
607 2488 692 2533 sunt
712 2519 725 2541 ,
755 2490 892 2544 quibus
915 2488 1064 2529 facilius
1085 2487 1248 2526 Animal
1278 2488 1381 2528 intra
1402 2485 1540 2526 saxum

102 2558 342 2601 moveatur,
373 2548 575 2603 iplumque
599 2548 737 2590 melius
759 2547 914 2589 arrodat
944 2545 1288 2602 perterebretque,
1319 2546 1355 2585 8<
1380 2542 1539 2584 saxeum

1101 2604 1136 2646 E
1401 2613 1483 2648 car&
