1956 3120
176 403 244 441 a,
291 413 339 436 vs
427 415 465 422 w
755 402 909 450 caQy
958 401 1045 448 χψ
1105 402 1181 434 ‹ae
1222 386 1589 449 Qffffi-offfw

173 495 203 529 *c
244 492 252 526 ⁴:
313 499 343 535 t
394 448 811 535 οῨἫὛβϊ
861 480 863 482 ’
917 417 1193 514 *³833*ss
1296 470 1321 485 Ἰ
1411 419 1597 533 ᾅῧῇἤέ

227 691 1553 807 ΡΗΑΕΡΑΤΙΟΑ

161 919 499 1148 INvisenti
530 920 631 963 mihi
662 920 942 978 saepenumero
962 920 1220 976 superioribus
1248 922 1360 963 annis
1392 923 1510 965 Mare
1530 924 1619 963 Por-

328 991 494 1034 tumque
526 981 703 1020 Arimini
723 1010 736 1032 ,
776 992 819 1020 ut
851 979 956 1021 statis
996 980 1238 1035 temporibus
1276 981 1448 1022 rationes
1480 980 1619 1022 Aestus

327 1038 472 1079 marini
493 1037 790 1093 cognoscerem,
810 1038 848 1077 &
867 1052 958 1079 cum
968 1037 1066 1079 Solis
1086 1041 1301 1092 Lunaeque
1321 1038 1493 1079 motibus
1514 1052 1619 1080 com-

327 1109 518 1152 ponerem
537 1126 549 1148 ,
579 1108 698 1151 atque
719 1094 915 1137 subcisivis
937 1097 1042 1138 horis
1073 1108 1203 1137 totam
1230 1109 1344 1137 oram
1364 1097 1617 1138 maritimam

325 1154 575 1210 perlustranti
596 1155 847 1210 frequenter,
877 1168 920 1196 ut
951 1154 1113 1196 laxandi
1133 1155 1257 1196 animi
1278 1155 1408 1210 gratia
1429 1154 1619 1196 Conchas

157 1212 286 1255 varias
307 1213 603 1268 Vmbilicosque
625 1214 798 1254 marinos
818 1213 1111 1268 contemplarer
1128 1242 1141 1265 ,
1172 1212 1402 1267 colligerem
1421 1242 1434 1263 ,
1465 1225 1618 1254 meum-

157 1285 235 1326 que
256 1272 297 1311 in
308 1269 560 1312 Musaeolum
582 1270 851 1324 asportarem,
871 1272 1014 1312 accidit
1035 1270 1124 1312 sane
1146 1281 1189 1308 ut
1210 1270 1375 1322 majores
1394 1268 1621 1324 progressus

157 1327 263 1370 hisce
284 1329 325 1368 in
344 1327 458 1368 rebus
477 1328 651 1368 facerem
672 1357 684 1378 ,
713 1340 810 1382 quas
830 1326 996 1368 secundo
1015 1326 1126 1377 loco,
1156 1326 1194 1365 8<
1213 1324 1437 1366 oblecstandi
1458 1338 1617 1377 tantum

158 1386 284 1428 animi
305 1384 431 1427 caussa
450 1385 758 1439 conquisieram,
788 1398 910 1439 quam
939 1399 987 1426 ea
1017 1385 1058 1424 in
1088 1397 1154 1433 re,
1187 1397 1288 1438 quae
1312 1384 1465 1438 primo,
1496 1383 1617 1439 longa

155 1443 417 1486 meditatione
438 1473 451 1496 ,
481 1442 605 1484 studio
624 1472 637 1494 ,
666 1443 800 1483 labore
822 1471 834 1494 ‚
866 1454 984 1498 atque
1017 1441 1217 1483 interdum
1249 1442 1446 1496 perpetuis
1468 1442 1617 1497 vigiliis

154 1500 223 1542 diu
243 1500 437 1553 nouaque
466 1511 753 1552 concoqueram
774 1528 784 1539 .
816 1500 910 1542 Nec
929 1501 1077 1541 mirum
1097 1496 1273 1553 profeElo
1292 1512 1305 1551 ς
1340 1499 1479 1540 Aestus
1507 1501 1618 1542 enim

154 1557 383 1600 maritimus
402 1566 565 1612 propter
584 1556 811 1596 innumeras
838 1569 885 1597 ac
904 1556 1017 1598 fimul
1037 1570 1139 1611 pene
1160 1555 1332 1598 dixerim
1352 1556 1616 1599 inconstantis-

156 1616 272 1658 fimas
291 1629 424 1656 rerum
443 1612 587 1656 caussas
609 1613 719 1655 torfit
738 1612 892 1669 semper
905 1647 918 1668 ,
950 1629 996 1656 ac
1015 1614 1239 1670 torquebit,
1270 1626 1313 1656 ut
1333 1616 1496 1671 opinor,
1527 1615 1617 1656 Phi-

155 1673 411 1729 losophorum
430 1673 641 1714 hominum
661 1672 843 1728 ingenia.
876 1676 1011 1731 Quare
1032 1674 1161 1728 primo
1192 1674 1230 1713 8<
1249 1673 1487 1715 luculentius
1508 1672 1614 1714 hisce

155 1732 204 1774 de
234 1732 348 1774 rebus
378 1745 497 1787 agam
518 1760 532 1783 ,
559 1730 698 1772 deinde
730 1730 836 1786 quasi
865 1731 1090 1787 appendicis
1111 1731 1197 1772 loco
1229 1730 1395 1773 Aestum
1415 1732 1616 1773 marinum

153 1804 356 1842 exponam
371 1819 382 1829 .
414 1789 462 1828 Id
482 1788 592 1828 videt
612 1787 774 1839 quisque
794 1788 869 1828 hoc
889 1789 1080 1840 postulare
1100 1801 1144 1829 ut
1164 1788 1335 1839 faciam,
1365 1802 1454 1830 tum
1481 1802 1617 1831 rerum

154 1844 516 1902 pulcherrimarum
535 1843 692 1895 copiam
712 1868 724 1890 ,
753 1852 879 1894 quum
897 1846 1101 1894 praeclara
1121 1846 1291 1882 Inventa
1312 1871 1322 1881 .
1354 1846 1542 1898 Dignitas
1561 1845 1617 1885 sa·

153 1917 205 1945 ne
226 1901 433 1957 poscebat,
463 1911 506 1940 ut
527 1897 574 1941 de
594 1897 663 1939 illo
683 1898 790 1953 prius
809 1910 971 1951 agerem
991 1926 1003 1949 ,
1033 1908 1076 1938 at
1103 1897 1202 1938 vicit
1230 1900 1288 1940 rei
1308 1899 1465 1942 ubertas
1493 1914 1615 1957 atque

154 1961 298 2003 raritas
318 1990 329 2000 .
361 1961 621 2016 Quamquam
650 1956 689 1996 &
710 1954 776 1997 sua
798 1954 993 2012 dignitate
1023 1969 1103 1996 non
1132 1968 1269 1998 carent
1299 1958 1488 2001 Marinae
1506 1961 1614 2002 Con-

154 2018 283 2070 chae,
311 2030 435 2073 quum
466 2017 504 2056 8<
526 2014 724 2071 elegantia
753 2015 792 2054 8<
810 2013 1023 2070 praestanti
1044 2013 1113 2055 usu
1141 2015 1184 2054 in
1213 2013 1271 2055 sui
1301 2015 1614 2060 admirationem

154 2075 327 2118 summos
345 2075 461 2115 Viros
489 2073 642 2129 semper
668 2073 707 2113 δε
726 2072 871 2127 ubique
892 2073 1089 2115 traxerint
1109 2101 1122 2125 ‚
1152 2083 1197 2114 ut
1226 2071 1323 2116 teste
1355 2075 1494 2116 Tullio
1515 2078 1614 2118 Lae-

156 2134 231 2175 lius
250 2132 328 2189 ipse
359 2134 398 2173 8<
416 2133 545 2187 Scipio
564 2130 756 2187 praeclari
786 2131 846 2172 illi
865 2131 942 2173 duo
962 2132 1169 2173 Romanae
1191 2132 1450 2188 Reipublicae
1483 2136 1617 2188 Impe-

155 2203 308 2233 ratores
335 2190 385 2232 ad
402 2192 618 2232 Lucrinum
647 2190 686 2230 8<
704 2189 889 2243 Cajetam
908 2189 1114 2233 relaxandi
1134 2190 1258 2232 animi
1277 2192 1406 2246 gratia
1427 2192 1614 2233 Conchas

155 2250 196 2292 &
214 2250 431 2290 Vmbilicos
449 2249 581 2305 legere
603 2247 902 2291 consuevissent.
931 2249 1168 2307 Qinimmo
1187 2259 1343 2291 veteres
1363 2246 1613 2304 Philosophi,

155 2307 474 2363 excellentesque
493 2309 678 2350 Naturae
697 2305 927 2350 scrutatores
947 2306 1176 2350 Aristoteles
1195 2336 1208 2358 ,
1237 2305 1468 2349 Athenaeus
1488 2335 1500 2358 ,
1528 2308 1611 2349 Ae·

157 2366 305 2420 lianus,
335 2366 504 2420 Plinius,
533 2365 739 2409 Cardanus
758 2396 771 2420 ,
800 2366 1061 2409 Rondeletius
1081 2395 1095 2419 ,
1125 2365 1356 2417 Salvianus,
1383 2365 1610 2418 Columna,

158 2424 307 2479 aliique
337 2425 472 2481 longas
495 2425 762 2468 enarrationes
790 2424 838 2468 de
857 2426 919 2468 his
938 2425 1053 2467 rebus
1079 2424 1343 2480 reliquerunt.
1375 2424 1522 2479 Neque
1542 2436 1608 2463 no-

159 2481 243 2527 stris
264 2484 505 2542 temporibus
533 2484 677 2529 harum
704 2497 841 2529 rerum
869 2484 1066 2529 deferbuit
1084 2483 1276 2583 ssimum,
1303 2483 1430 2546 immo
1459 2481 1609 2522 mirum

1174 2553 1198 2583 2
1405 2551 1447 2580 m
1466 2551 1549 2578 mo·
