1951 3085
427 254 483 292 10
719 237 858 294 DE
938 234 1472 294 CONCHIs

414 358 467 396 II.
501 356 589 394 Hoc
620 354 800 395 Testacei
820 365 941 407 genus
971 350 1235 407 petrefaffium
1265 352 1303 390 8<
1333 348 1454 390 fossile
1474 377 1487 400 ‚
1517 358 1562 389 ut
1592 360 1644 389 ex
1664 347 1805 389 iisdem

358 412 660 455 Bononiensibus
679 411 988 452 Commentariis
1008 423 1196 465 apparet,
1220 408 1399 453 ,abundat
1431 408 1472 448 in
1492 407 1674 447 omnibus
1695 420 1805 446 mon-

355 471 459 512 tibus
491 471 593 510 circa
614 470 830 509 Bononiam
855 465 928 521 (a)
949 496 960 506 .
993 469 1049 507 At
1072 468 1244 508 abundat
1266 468 1392 508 etiam
1413 466 1453 506 in
1475 465 1681 507 Montibus
1702 466 1806 506 circa

356 529 586 569 Ariminum
607 557 618 578 ,
650 528 774 566 immo
795 526 835 565 in
857 536 961 565 terra
982 524 1141 564 arenosa
1163 525 1361 578 cujusdam
1382 525 1527 565 montis
1548 524 1777 578 Covignani
1790 554 1803 575 ‚

357 587 425 641 qui
446 600 558 626 mons
589 584 752 625 secundo
783 583 848 624 vel
878 582 995 623 tertio
1016 582 1165 636 Lapide
1198 583 1353 623 circiter
1383 598 1405 623 a
1437 583 1544 622 Mari
1565 581 1809 622 Ariminensi

359 644 473 684 distat
494 675 506 695 ,
538 656 649 683 tanta
670 642 722 683 est
742 644 801 683 vis
831 641 940 694 hujus
970 640 1148 696 lapideae
1169 639 1335 691 Testae,
1365 651 1408 679 ut
1439 641 1480 679 in
1501 639 1658 694 singulis
1678 640 1805 683 unciis

358 703 470 742 mille
491 703 529 741 δε
549 702 783 755 quingentas
802 701 1029 754 reperierim
1050 729 1063 750 ,
1093 710 1136 738 ut
1167 698 1284 752 duplo
1304 696 1471 738 excedat
1490 710 1701 737 numerum
1724 697 1807 737 illa-

354 774 466 810 rum,
496 773 594 812 quae
620 760 660 798 in
691 772 808 798 arena
829 759 896 798 illa
918 761 1020 799 flava
1041 756 1269 796 Bononiensi
1292 756 1564 810 reperiuntur.
1599 752 1672 809 (b)
1694 756 1809 795 Prae-

353 828 463 858 terea
494 817 534 855 in
565 817 678 856 unica
709 816 822 856 uncia
853 815 963 869 hujus
991 814 1142 856 nostrae
1166 817 1325 855 Arenae
1358 814 1576 867 quingenta
1596 812 1672 852 alia
1695 812 1810 852 mini-

353 888 420 915 ma
440 873 630 916 Testacea
650 875 829 929 Corpora
858 874 917 913 his
940 875 1070 914 affinia
1091 885 1326 922 cernuntur,
1347 885 1449 925 quae
1473 869 1720 923 sequentibus
1742 868 1809 910 suo

353 932 438 972 loco
469 933 692 972 notabimus
723 962 732 971 .
774 932 841 972 An
871 931 948 972 hae
981 930 1124 972 Testae
1156 945 1205 972 ex
1239 928 1450 969 universali
1482 926 1739 980 Cataclysmo
1768 929 1810 967 in

353 990 545 1030 Stratibus
575 989 792 1030 nostrorum
821 991 1017 1029 montium
1050 987 1212 1029 relifflae
1234 988 1381 1030 fuerint
1401 1017 1413 1038 ,
1446 999 1488 1027 ut
1513 985 1810 1027 Woodwardus

350 1047 574 1099 contendit,
606 1049 642 1086 8<
667 1048 913 1087 communior
932 1048 1008 1088 fert
1028 1048 1193 1101 opinio:
1230 1049 1297 1086 An
1330 1059 1423 1086 vero
1459 1046 1613 1084 marina
1645 1058 1810 1098 corpora

351 1105 448 1156 sint,
479 1120 578 1159 quae
609 1105 783 1145 nostrum
814 1104 940 1159 ipsum
972 1108 1166 1160 Superum
1189 1107 1304 1145 Mare
1336 1104 1377 1143 in
1409 1103 1545 1156 jisdem
1568 1102 1773 1156 reliquerit
1795 1131 1809 1154 ‚

350 1163 454 1216 quod
485 1163 582 1216 ipsos
614 1165 781 1203 monteis
813 1176 897 1203 tum
927 1165 1123 1213 allueret,
1151 1162 1367 1216 sensimque
1401 1163 1449 1202 ab
1482 1161 1557 1200 illis
1590 1161 1809 1211 recesserit,

349 1232 392 1258 ut
424 1220 473 1258 ab
505 1221 611 1261 Vrbe
642 1220 769 1260 nostra
801 1223 949 1262 receffit
980 1221 1140 1276 quidem
1162 1251 1173 1272 ,
1206 1221 1244 1260 id
1276 1220 1448 1260 viderint
1482 1218 1738 1272 Philosophi,
1770 1219 1809 1258 8<

349 1276 597 1330 Chronologi
616 1307 625 1316 .
662 1277 854 1317 Nostrum
885 1279 972 1318 heic
993 1293 1069 1318 non
1092 1278 1145 1319 est
1165 1280 1211 1317 de
1233 1279 1305 1318 hac
1326 1292 1367 1317 re
1391 1275 1587 1330 disputare
1610 1306 1620 1315 .
1654 1277 1717 1315 De
1752 1289 1808 1317 re-

350 1335 450 1374 ceffu
472 1349 567 1375 vero
591 1336 716 1375 Maris
736 1335 784 1374 ab
809 1335 912 1374 Vrbe
936 1337 1122 1374 Arimino
1143 1365 1154 1384 ,
1185 1336 1317 1389 aliqua
1349 1334 1528 1388 sequenti
1557 1334 1659 1374 libro
1691 1334 1808 1376 attin·

346 1405 441 1447 gam
455 1422 467 1444 ,
498 1392 563 1431 ubi
584 1391 630 1432 de
653 1392 804 1432 ratione
826 1394 954 1433 fluxus
968 1423 980 1443 ,
1012 1394 1049 1432 8<
1069 1396 1261 1434 refluxus.

344 1504 495 1532 mm
501 1503 1722 1535 VWQQQQQQQQQQQQQRQQ
1728 1503 1803 1532 &58⁹³

661 1592 1471 1645 CAPVTIII.

344 1702 534 1741 CoRNv
571 1702 874 1742 HAMMoNis
909 1705 1173 1743 LITTonis
1207 1702 1583 1742 ARIMINENSIS
1623 1711 1795 1741 MINVS

406 1769 661 1799 VVLGARE
696 1762 1126 1810 ORBICVLATVM,
1162 1770 1483 1810 STRIATVM,
1518 1769 1796 1799 VMBILICO

405 1826 806 1866 PROMINENTE,
851 1827 915 1856 EX
955 1828 1063 1862 QVO
1104 1826 1297 1856 STRIAE
1335 1825 1403 1855 ET
1441 1826 1800 1857 LOCVLAMEN-

405 1883 472 1912 TA
511 1881 690 1911 OMNIA
729 1882 1050 1911 PRODEVNT·

342 1988 375 2026 1.
399 1987 558 2125 H
577 1986 638 2026 Oc
659 1988 797 2026 Cornu
818 1986 1059 2027 Hammonis
1092 1999 1213 2041 genus
1244 1986 1408 2027 Littoris
1430 1986 1690 2028 Ariminenfis
1722 1988 1794 2027 mi-

596 2059 664 2083 nus
687 2045 847 2099 vulgare
873 2044 1092 2098 appellavi,
1124 2059 1176 2099 qu
1187 2045 1235 2084 od
1267 2046 1389 2085 rarius
1421 2045 1462 2084 in
1483 2044 1712 2100 Sedimento
1733 2060 1798 2085 no-

595 2101 668 2141 stro
696 2103 934 2156 reperiatur,
955 2103 991 2141 8<
1011 2103 1190 2142 omnium
1216 2102 1325 2155 hujus
1345 2104 1500 2157 generis
1512 2102 1797 2144 Testaceorum

339 2157 384 2197 fit
406 2158 520 2214 longe
540 2159 856 2213 pulcherrimum
878 2190 887 2200 .
929 2161 1089 2201 Raritas
1120 2172 1257 2200 tamen
1288 2175 1371 2200 non
1403 2159 1457 2201 est
1488 2159 1643 2202 summa
1674 2175 1798 2215 quum

340 2230 499 2257 centum
522 2219 684 2272 triginta
705 2219 857 2258 &ultra
877 2233 928 2258 ex
950 2218 1025 2258 illis
1047 2217 1114 2258 sex
1137 2219 1257 2257 unciis
1278 2218 1502 2260 Sedimenti
1525 2220 1691 2273 legerim
1706 2249 1715 2259 .
1737 2221 1797 2259 At

339 2274 379 2312 in
403 2274 487 2314 aliis
510 2276 743 2317 Sedimentis
763 2277 880 2316 maris
902 2276 1017 2317 nostri
1038 2277 1074 2315 &
1095 2276 1232 2326 inferi,
1262 2291 1310 2317 ne
1334 2290 1463 2316 unum
1483 2277 1644 2330 quidem
1665 2291 1796 2317 cerne-

341 2344 383 2370 re
404 2331 539 2373 licuit.
572 2334 888 2375 Pulcherrimum
908 2334 961 2374 est
979 2346 1141 2388 propter
1162 2334 1327 2388 figuram
1348 2335 1471 2388 plane
1492 2335 1726 2385 rotundam,
1757 2335 1794 2373 δ(

337 2400 498 2444 propter
527 2389 791 2434 subtilissimas
819 2391 1111 2435 interseeuones
1131 2422 1143 2444 ,
1175 2406 1273 2447 quae
1305 2392 1469 2433 striatae
1500 2392 1792 2447 aliquantulum

1620 2449 1732 2504 sunt,

360 2542 417 2579 (a)
438 2543 512 2572 Ibid.
534 2544 564 2572 in
579 2547 658 2575 Com.
674 2549 766 2577 Acad.
787 2549 877 2586 Instit.

357 2579 418 2619 (b)
440 2584 511 2626 Pag.
522 2584 558 2619 69
561 2605 685 2614 .....
695 2588 736 2630 *in
750 2591 857 2617 Arenae
875 2588 967 2617 unciis
986 2600 1039 2618 non
1054 2589 1180 2629 amplius
1196 2587 1288 2623 binis,
1309 2597 1447 2630 quantum
1462 2587 1612 2619 Beccarim
1627 2585 1685 2625 ipse
1701 2584 1786 2624 conji-

478 2630 535 2656 ιιι,
552 2622 640 2661 fiaepra
656 2625 739 2655 mtlle
762 2626 800 2658 (θ’
814 2628 969 2667 quingenta
982 2630 1126 2669 potuerint
1146 2629 1301 2658 numerari.
