1951 3085
359 225 718 284 AESTUS
779 226 1307 284 MARITIMI.
1419 247 1479 299 73

106 335 357 390 ‘undeviginti
378 335 541 375 Saecula
571 335 652 389 jam
682 337 970 390 praeterierunt
994 367 1007 389 ,
1037 337 1074 377 8<
1095 348 1231 378 tamen
1251 337 1364 378 Palus
1385 339 1558 380 Maeotfs

110 393 284 434 nondum
305 392 358 434 est
377 393 568 434 exsiccata
589 424 600 445 ,
631 395 852 447 quinimmo
873 395 974 435 Vrbs
995 397 1144 436 Tanais
1164 396 1213 438 ad
1234 396 1344 437 Ostia
1364 398 1557 437 Fluminis

97 452 183 493 fita
215 450 323 506 (a),
354 452 390 490 8<
411 452 610 492 Tanaitae
641 451 765 507 ipsam
788 453 938 494 Vrbem
968 454 1006 493 8<
1036 454 1222 495 Paludem
1253 455 1466 496 incolentes
1497 471 1558 495 eo-

110 509 202 551 dem
233 509 434 564 splendore
467 512 640 562 vivunt3
674 509 748 565 (b)
779 512 998 565 Pontusque
1019 513 1197 552 Euxinus
1228 514 1344 553 Mare
1377 514 1559 568 amplissi-

107 581 220 607 mum
243 567 367 608 adhuc
391 568 466 619 est,
499 580 541 608 ut
564 569 683 623 vulgo
714 569 830 610 hodie
861 570 979 609 Mare
1001 570 1123 623 majus
1142 600 1153 621 ‚
1184 571 1221 609 8(
1246 572 1423 624 Nigrum
1446 586 1558 612 voce-

108 637 194 677 tur,
226 640 349 680 quum
371 626 425 666 nil
443 626 525 666 fere
556 626 603 666 de
636 626 700 666 sua
722 627 989 680 profunditate
1022 627 1070 668 ab
1094 629 1139 667 iis
1159 628 1399 681 temporibus
1421 627 1557 670 amise-

107 684 181 724 rit.
216 687 349 741 Qare
377 696 487 736 patet
518 697 596 722 non
626 683 779 737 semper
809 685 987 724 Marinas
1017 687 1193 725 Lacunas
1222 686 1259 723 8<
1279 686 1397 725 Mare
1430 684 1558 740 ipsum

106 755 156 782 ex
179 741 346 795 ingressu
378 741 606 781 Fluminum
640 742 824 798 exsiccari
846 772 855 781 .
888 742 1084 783 Elevatur
1114 741 1273 797 quidem
1305 743 1385 796 ejus
1406 745 1558 784 Alveus

106 813 157 841 ex
189 798 405 840 sedimento
439 799 669 839 Fluminum
690 830 702 851 ,
733 799 796 842 sed
827 814 947 855 quum
980 801 1020 841 in
1050 801 1232 841 omnibus
1261 801 1354 841 locis
1385 801 1557 856 quadam

104 857 358 911 proportione
382 857 484 897 idem
513 858 691 898 elevetur
711 887 722 909 ,
754 858 960 899 elevantur
991 859 1027 898 8(
1059 859 1138 912 ejus
1161 860 1302 913 Aquae
1333 860 1373 899 in
1405 858 1559 913 superfi-

105 916 187 965 cie,
218 929 316 969 quae
338 931 387 957 ex
409 916 600 969 proximis
622 917 802 958 Maribus
822 947 833 967 ,
865 928 981 971 atque
1013 931 1063 957 ex
1087 919 1247 957 Oceano
1267 916 1371 971 ipso,
1402 917 1465 957 vel
1486 931 1557 971 per

105 973 293 1024 Aestum,
325 975 388 1014 vel
410 988 481 1028 per
501 974 624 1014 alium
646 975 818 1014 Fluxum
840 976 1007 1014 influunt
1028 1004 1040 1025 ‚
1071 988 1193 1028 quum
1221 975 1317 1015 haec
1348 976 1557 1028 Aquarum

102 1032 322 1085 proprietas
345 1031 390 1072 fit
411 1062 423 1083 ,
455 1045 497 1072 ut
529 1044 718 1086 perpetuo
750 1033 798 1073 ad
826 1033 1023 1071 Libellam
1054 1030 1140 1072 sese
1162 1044 1399 1085 componant
1423 1062 1431 1071 .
1466 1034 1558 1072 Huc

102 1089 199 1130 adde
231 1092 351 1130 Mare
391 1105 442 1130 ex
475 1090 720 1129 Fluminibus
752 1090 999 1142 aliquantum
1031 1090 1164 1143 augeri
1194 1119 1206 1141 ‚
1247 1102 1289 1129 ut
1330 1090 1370 1129 in
1401 1089 1555 1129 Scholio

103 1146 379 1201 Propositionis
411 1148 554 1188 Sextae
585 1146 904 1197 observavimus,
936 1146 1138 1201 multoque
1172 1148 1296 1202 magis
1328 1149 1461 1201 augeri
1494 1148 1557 1187 de—

100 1205 196 1245 bent
230 1204 406 1242 marinae
440 1206 620 1243 Lacunae
653 1203 882 1256 praesertim
915 1205 1064 1245 Hieme
1086 1235 1098 1255 ,
1129 1206 1165 1244 8<
1196 1207 1240 1244 iis
1273 1207 1312 1246 in
1333 1206 1426 1245 locis
1447 1236 1458 1256 ,
1489 1206 1556 1245 ubi

99 1262 275 1302 multum
299 1262 399 1315 pluit
420 1291 431 1311 ,
466 1264 522 1300 uti
555 1261 678 1315 reipsa
712 1264 836 1316 magis
859 1263 957 1315 pluit
989 1264 1144 1303 Patavii
1176 1278 1226 1303 ex
1261 1261 1554 1303 Observationi-

100 1321 171 1361 bus
203 1321 363 1374 Joannis
385 1319 518 1360 Poleni
549 1321 687 1360 eximii
710 1321 991 1360 Mathematici
1023 1322 1058 1359 8<
1089 1322 1222 1361 Amici
1243 1321 1361 1360 nostri
1382 1351 1393 1371 ,
1424 1322 1460 1360 8<
1481 1322 1554 1360 sor-

99 1378 195 1420 tasse
230 1392 300 1432 per
320 1378 515 1431 reliquam
536 1380 763 1417 Marcbiam
784 1378 1034 1419 Tarvifinam
1057 1408 1068 1427 ,
1100 1393 1220 1431 quam
1251 1380 1290 1418 in
1320 1379 1453 1418 nostris
1474 1381 1550 1419 Re-

99 1437 281 1492 gionibus
302 1467 312 1476 .
346 1439 480 1492 Qiare
513 1438 589 1477 alio
612 1436 795 1476 Flumina
818 1436 885 1475 illa
908 1448 966 1475 tot
990 1437 1117 1490 Aquis
1140 1437 1333 1477 tumentia
1365 1436 1553 1477 deducen-

100 1496 148 1535 do
179 1493 334 1534 fortasse
355 1498 537 1535 Lacunae
569 1495 832 1534 incolumitati
865 1507 942 1533 non
974 1506 1131 1534 tantum
1163 1493 1374 1535 consulitur
1393 1524 1404 1546 ,
1435 1508 1555 1549 quan-

100 1565 186 1595 tum
208 1552 233 1591 si
257 1554 296 1591 in
319 1566 407 1592 eam
430 1551 582 1605 ingredi
603 1552 840 1602 finerentur‚
865 1553 922 1591 uti
945 1566 1080 1592 eorum
1102 1565 1241 1594 natura
1263 1553 1435 1593 ferebat.

158 1612 308 1650 Verum
330 1611 389 1649 his
411 1609 527 1649 missis
543 1609 597 1650 ad
620 1610 714 1649 illud
737 1610 940 1650 redeamus
971 1611 1074 1651 unde
1096 1611 1349 1652 divertimus.
1383 1613 1554 1651 Certum

100 1668 154 1709 est
175 1670 296 1723 igitur
316 1683 337 1709 a
359 1669 488 1708 Nobis
508 1669 545 1706 8<
567 1683 587 1708 a
609 1669 805 1709 Ravenna
827 1670 943 1710 Mare
967 1670 1148 1710 recessiffe
1171 1700 1181 1709 .
1215 1670 1345 1710 Heinc
1366 1682 1554 1723 quaeren-

98 1727 193 1766 dum
225 1726 316 1766 esset
346 1739 395 1765 an
420 1721 536 1765 Mare
571 1725 710 1766 eadem
734 1728 986 1781 proportione
1019 1728 1106 1767 heic
1139 1740 1330 1782 perpetuo
1362 1726 1519 1767 recedat
1541 1755 1551 1765 .

100 1784 221 1839 Apud
244 1783 389 1823 nostros
414 1794 617 1836 receptum
638 1783 690 1822 est
713 1787 827 1822 Mare
858 1785 1013 1837 singulis
1034 1788 1142 1823 annis
1173 1800 1194 1824 a
1215 1785 1448 1824 Continenti
1469 1797 1553 1837 per-

98 1855 217 1898 petuo
249 1841 430 1882 recedere
451 1871 462 1891 ,
495 1842 550 1880 uti
574 1840 728 1879 fortasse
749 1840 844 1879 olim
867 1841 1074 1881 recedebat
1098 1854 1109 1893 ς
1145 1843 1294 1882 Verum
1315 1841 1429 1882 hodie
1450 1841 1565 1897 hanc¹

97 1903 230 1955 legem
252 1900 320 1939 fibi
345 1898 499 1939 servare
521 1912 596 1938 non
618 1897 774 1938 videtur
793 1928 804 1949 ,
835 1899 959 1937 immo
978 1900 1219 1939 contrarium
1243 1901 1368 1953 potius
1389 1914 1458 1953 per
1478 1899 1552 1939 hoc

99 1958 429 2016 Qinquennium
452 1955 681 2007 observavi;
714 1970 808 1996 nam
829 1970 878 1995 ex
900 1957 1022 1996 Notis
1044 1957 1143 2008 illis,
1174 1972 1268 2011 quas
1288 1959 1423 2012 Lignis
1444 1970 1551 1998 exte-·

101 2017 266 2057 rioribus
287 2018 425 2055 Portus
445 2013 562 2054 nostri
588 2014 697 2054 inusti
717 2044 729 2066 ‚
759 2015 887 2069 potius
909 2016 1024 2055 Mare
1050 2015 1122 2055 hoc
1144 2028 1320 2070 tempore
1342 2015 1551 2064 accessisse,

99 2089 220 2130 quam
254 2073 435 2115 recessisse
470 2073 611 2127 colligo
640 2085 652 2124 3
694 2072 1027 2127 quemadmodum
1058 2074 1241 2128 colligere
1274 2075 1398 2115 etiam
1429 2072 1551 2127 potest

98 2134 309 2188 quisquam
342 2147 392 2172 ex
427 2132 528 2171 Palis
554 2131 714 2171 confixis
745 2130 893 2185 septem
925 2131 1090 2171 abheinc
1123 2134 1231 2171 annis
1263 2134 1303 2171 in
1335 2134 1471 2171 Arena
1503 2130 1551 2170 ad

98 2193 230 2232 Littus
252 2191 378 2230 Maris
410 2203 480 2244 pro
500 2189 768 2230 fundamentis
788 2190 1073 2244 Propugnaculi
1104 2190 1301 2242 cujusdam
1323 2219 1334 2239 ,
1365 2188 1467 2242 quod
1489 2187 1551 2228 ad-

87 2249 234 2295 ‚versus
256 2249 405 2288 Piratas
427 2247 561 2288 nostris
582 2248 622 2287 in
642 2249 775 2287 animo
796 2259 881 2287 erat
902 2247 1144 2298 construere3
1178 2249 1290 2286 Nam
1310 2248 1438 2301 Ligna
1460 2246 1549 2297 illa,

51 2306 55 2311 ’
104 2320 146 2348 ut
171 2306 287 2347 nostri
308 2320 444 2346 omnes
464 2318 628 2357 norunt,
647 2305 729 2346 loco
750 2320 772 2346 a
792 2307 892 2346 mari
913 2306 1193 2346 convenienter
1213 2304 1370 2345 distanti
1390 2303 1548 2343 fuerunt

103 2367 280 2415 confixa,
303 2376 438 2405 tamen
459 2365 574 2405 hodie
596 2365 719 2405 etiam
739 2365 778 2404 in
799 2364 1008 2416 majoribus
1025 2363 1243 2404 Recessibus
1256 2363 1381 2403 Maris
1401 2363 1449 2401 ab
1469 2361 1548 2415 ejus

103 2424 213 2464 undis
235 2423 456 2463 alluuntur.
491 2425 624 2480 Qare
646 2422 762 2462 modo
781 2423 962 2462 omnibus
981 2433 1091 2475 patet
1113 2423 1227 2461 Mare
1249 2421 1322 2460 hoc
1345 2418 1547 2474 septennio

104 2483 152 2524 ad
183 2481 470 2522 Continentem
501 2483 672 2522 Terram
702 2480 804 2535 apud
822 2495 890 2521 nos
911 2479 1124 2529 acceffiffe;
1157 2481 1288 2519 Immo
1308 2478 1447 2519 Turris
1478 2477 1547 2518 illa

1098 2539 1138 2577 K
1374 2547 1486 2577 vetus

143 2608 197 2645 (a)
219 2606 319 2643 Azoff}
336 2604 387 2641 [ἔτι
403 2603 526 2643 Amph,
549 2604 586 2635 Εἴ)
599 2603 715 2635 Azach.
756 2602 816 2640 (b)
837 2599 1034 2642 Cosacchidel
1046 2600 1126 2631 Don.
