1951 3085
480 222 549 274 80
766 218 1472 278 SPECIMEN

405 349 449 376 ra
479 336 555 376 iter
574 334 719 374 faciens
749 334 869 389 probe
889 331 983 375 sciet
1004 363 1016 385 ‚
1047 332 1202 388 quando
1222 331 1433 374 secundum
1457 333 1572 373 Mare
1606 333 1670 374 via
1701 332 1769 388 ipsi
1801 338 1857 376 teJ

404 392 532 434 nenda
553 421 564 443 ‚
595 393 631 431 8<
652 393 808 447 quando
839 392 887 433 ad
915 393 1092 432 Monteis
1112 422 1124 443 ,
1155 403 1197 432 ut
1229 393 1276 432 iis
1297 390 1436 432 accidit
1468 391 1535 444 qui
1567 391 1750 432 Arimino
1782 395 1855 434 Fa-

404 465 500 491 num
531 451 596 491 vel
615 452 855 492 Ravennam
875 451 1139 502 contendunt,
1169 464 1263 491 nam
1283 451 1323 491 in
1345 449 1497 503 magnis
1517 447 1697 489 Aestibus
1716 451 1781 491 via
1804 449 1856 493 se-

405 508 576 549 cundum
607 510 726 551 Mare
759 511 800 550 in
831 510 891 549 his
910 509 1004 549 locis
1036 523 1113 550 non
1135 509 1190 550 est
1221 520 1329 559 tuta,
1360 519 1403 547 ut
1435 507 1513 548 alia
1543 505 1728 548 sexcenta
1748 523 1856 563 prae-

406 578 585 619 teream,
605 582 705 622 quae
727 582 776 610 ex
797 569 942 609 notitia
962 567 1100 608 Aestus
1121 568 1273 607 Marini
1294 565 1469 607 maxime
1490 565 1684 619 pendent.
1706 567 1857 607 Verum

405 639 475 666 nos
505 639 582 665 non
605 626 849 667 Astronomis
872 626 996 668 solum
1017 626 1241 677 scribimus,
1272 626 1339 679 qui
1359 624 1565 678 diligentia
1597 638 1641 665 ac
1663 625 1857 677 patientia

406 694 556 723 ceteros
587 685 789 725 mortaleis
819 684 1000 739 superare
1031 685 1243 735 videntur,
1274 683 1338 724 sed
1359 682 1562 733 omnibus,
1593 683 1730 736 quibus
1761 682 1858 723 illud

407 742 586 791 Comici,
617 757 665 781 ne
684 744 780 795 quid
796 744 943 793 nimis,
973 742 1205 796 plerumque
1237 742 1354 783 nimis
1384 741 1540 796 placet.
1575 741 1702 780 Satius
1733 742 1857 796 igitur

405 797 665 851 judicavimus
686 813 749 839 eas
770 799 1054 854 Ephemeridas
1076 801 1192 840 modo
1212 802 1396 840 omittere
1417 800 1458 839 in
1482 799 1608 839 lucem
1629 798 1758 852 postea
1780 799 1857 839 edi-

406 856 486 895 turi
506 886 518 908 ,
547 856 574 896 fi
607 870 796 912 umquam
827 856 951 911 majus
970 871 1065 912 opus
1095 859 1394 914 aggrediamur,
1425 855 1489 898 vel
1511 857 1642 911 aliquo
1672 869 1855 911 provoce-

404 927 495 957 mur
513 944 524 957 ι

709 1018 1386 1072 APPENDIX
1462 1017 1551 1070 II.

543 1151 719 1191 Voniam
749 1151 888 1192 Aestus
911 1153 1037 1193 Maris
1068 1153 1264 1192 rationem
1285 1153 1500 1205 quamdam
1531 1151 1677 1191 habere
1698 1149 1858 1192 videtur

566 1223 657 1250 cum
682 1207 836 1249 a-scensu
866 1211 903 1249 8<
933 1208 1115 1250 descensu
1135 1210 1389 1263 Hydrargyri
1421 1211 1461 1249 in
1485 1211 1740 1258 Barometro‚
1770 1210 1858 1249 heic

568 1267 822 1321 apponendae
843 1269 965 1308 etiam
994 1268 1115 1308 essent
1146 1267 1432 1321 Ephemerides
1456 1267 1750 1307 Earometricae
1781 1280 1859 1307 una

407 1339 499 1367 cum
522 1326 904 1376 Thermometricis,
936 1325 1269 1380 quemadmodum
1293 1326 1376 1366 fieri
1398 1324 1517 1376 solet,
1548 1336 1590 1364 ut
1611 1324 1686 1364 hae
1707 1322 1859 1378 semper

406 1397 484 1425 una
504 1383 734 1438 jungantur.
767 1386 919 1423 Verum
939 1384 966 1422 si
989 1385 1173 1424 Marinae
1194 1384 1286 1424 illae
1309 1382 1615 1424 Observationes
1647 1382 1740 1423 licet
1771 1396 1859 1423 rem

403 1456 503 1497 pene
535 1454 682 1481 novam
712 1440 944 1481 exhibentes
964 1470 975 1491 ,
1014 1441 1234 1496 legentibus
1265 1442 1436 1482 multum
1467 1440 1609 1482 fastidii
1640 1452 1854 1492 crearent3

405 1498 500 1553 quid
528 1512 606 1539 non
635 1498 843 1539 dicendum
874 1498 920 1539 de
946 1500 1222 1540 Barometricis
1243 1500 1279 1538 8<
1301 1500 1660 1541 Thermometricis
1680 1498 1756 1539 istis
1778 1498 1860 1539 Ob-

405 1557 690 1598 servationibus
704 1586 716 1606 ,
748 1570 847 1610 quae
868 1558 1090 1598 Crambem
1113 1556 1307 1598 reco&am
1333 1558 1442 1597 olent
1458 1588 1468 1597 .
1502 1557 1731 1597 Eruditulus
1751 1558 1860 1597 enim

404 1615 567 1670 quisque
588 1616 629 1654 in
649 1614 899 1669 Philosophia
922 1645 934 1667 ,
966 1627 1008 1655 ut
1029 1616 1115 1655 aliis
1134 1614 1267 1655 dofflus
1287 1615 1491 1666 videatur,
1522 1615 1547 1654 fi
1569 1616 1624 1654 nil
1645 1615 1751 1654 aliud
1772 1614 1859 1655 scri-

405 1673 577 1714 bendum
598 1673 766 1724 habeat,
787 1674 1071 1714 Barometricas
1093 1674 1129 1713 8<
1151 1674 1520 1715 Thermometricas
1551 1673 1667 1713 tricas
1699 1672 1829 1712 scribit
1845 1701 1858 1722 ,

406 1743 450 1771 ut
471 1730 586 1771 modo
607 1731 735 1771 Libris
767 1732 908 1771 harum
935 1730 1270 1772 Observationum
1291 1732 1445 1772 refertis
1467 1731 1579 1770 obrui
1602 1729 1857 1785 quodammo-

405 1788 455 1828 do
475 1788 681 1829 videamur
704 1817 714 1827 .
748 1791 882 1842 Quare
909 1789 1022 1829 hasce
1043 1790 1226 1829 libentius
1245 1789 1600 1844 praetermittimus
1620 1819 1630 1828 .
1664 1788 1858 1828 Addimus

404 1858 542 1887 tamen
573 1845 676 1901 quod
696 1846 733 1885 8<
753 1846 793 1887 in
808 1846 963 1886 Scholio
987 1846 1260 1900 Propositionis
1286 1859 1382 1888 XII.
1405 1848 1653 1896 notavimus,
1674 1849 1860 1887 Barome-

405 1917 512 1945 trum
534 1904 765 1959 plerumque
798 1905 899 1958 apud
930 1919 997 1945 nos
1028 1905 1151 1944 tribus
1180 1906 1246 1945 vel
1268 1917 1436 1959 quatuor
1454 1906 1566 1946 lineis
1595 1906 1697 1944 circa
1728 1906 1858 1944 Novi-

404 1963 512 2003 lunia
544 1963 579 2001 8(
599 1962 818 2003 Plenilunia
840 1961 1032 2016 deprimi,
1064 1962 1201 2003 deinde
1223 1964 1333 2014 tolli,
1366 1975 1408 2003 ut
1429 1964 1548 2004 tertia
1570 1963 1637 2002 illa
1658 1962 1720 2003 die
1741 1962 1858 2015 majo-

404 2021 457 2060 ris
476 2019 614 2060 Aestus
634 2020 717 2074 post
737 2018 1043 2073 Conjunfflones
1073 2020 1156 2061 fere
1178 2019 1332 2075 semper
1353 2022 1392 2061 in
1414 2021 1618 2076 pristinum
1640 2020 1781 2061 statum
1801 2035 1859 2061 re-

403 2077 584 2132 digatur,
605 2079 645 2119 ni
668 2079 795 2132 magis
818 2078 1043 2119 attollatur.
1078 2080 1229 2120 Verum
1250 2092 1292 2119 ut
1305 2081 1511 2121 Notitiam
1534 2079 1749 2134 quamdam
1770 2081 1858 2119 Mo-

405 2147 518 2176 tuum
541 2136 735 2188 majorum
756 2138 975 2177 Barometri
995 2167 1007 2188 ,
1038 2137 1106 2191 qui
1137 2151 1206 2191 per
1235 2137 1309 2178 hoc
1341 2139 1655 2193 quinquennium
1687 2139 1858 2192 contige-

404 2205 519 2245 runt,
541 2195 822 2235 exhibeamus:
857 2196 960 2234 Dico
980 2197 1280 2247 Barometrum,
1301 2196 1365 2236 seu
1387 2199 1524 2238 melius
1546 2196 1857 2251 Hydrargyrum

403 2253 445 2293 in
458 2254 690 2293 Barometro
712 2252 809 2293 stare
833 2253 934 2306 apud
955 2267 1021 2293 nos
1040 2254 1273 2308 plerumque
1296 2255 1343 2295 ad
1365 2256 1615 2296 altitudinem
1640 2254 1856 2308 digitorum

408 2320 607 2351 XXVIII.
631 2310 896 2351 Parifienfium
910 2341 919 2351 .
956 2314 1089 2368 Qare
1114 2311 1203 2352 heic
1223 2313 1354 2353 minor
1374 2313 1541 2354 altitudo
1563 2313 1603 2352 in
1625 2314 1859 2352 Barometro

404 2368 570 2422 contigit
595 2370 725 2408 Nonis
746 2369 969 2410 Februariis
1000 2383 1101 2409 anno
1126 2381 1567 2413 CIOJOCCXXXVII.
1602 2373 1720 2411 flante
1747 2371 1859 2411 Afri-

402 2439 470 2476 c0,
501 2425 563 2465 seu
586 2427 661 2467 SW
695 2428 805 2468 Nive
827 2428 862 2466 8(
884 2428 1023 2468 Pluvia
1042 2428 1228 2480 cadente,
1260 2444 1360 2483 quae
1385 2442 1470 2471 erat
1499 2430 1546 2470 ad
1567 2429 1708 2485 digitos
1733 2443 1797 2481 27.
1820 2431 1856 2469 8<

401 2483 426 2522 1.
440 2497 477 2534 4.
510 2482 575 2523 sed
598 2483 766 2538 Vespere
789 2484 957 2538 ejusdem
979 2486 1056 2529 diei
1078 2488 1210 2528 nubilo
1223 2488 1370 2540 Caelo,
1391 2489 1547 2539 Circio,
1568 2487 1631 2529 seu
1650 2489 1740 2528 NW
1761 2490 1855 2528 flan-

401 2551 465 2592 te,
495 2540 641 2583 lineam
664 2556 781 2582 unam
804 2543 973 2586 ascendit
993 2575 1003 2585 .
1037 2545 1184 2588 Pluries
1205 2560 1275 2602 per
1295 2547 1367 2588 hoc
1389 2548 1701 2604 quinquennium
1734 2546 1779 2586 ad
1801 2546 1853 2587 di·

1633 2618 1792 2660 git-27·
