<?xml version="1.0" encoding="UTF-8"?>
<!DOCTYPE html PUBLIC "-//W3C//DTD XHTML 1.0 Transitional//EN"
    "http://www.w3.org/TR/xhtml1/DTD/xhtml1-transitional.dtd">
<html xmlns="http://www.w3.org/1999/xhtml" xml:lang="en" lang="en">
 <head>
  <title>
</title>
<meta http-equiv="Content-Type" content="text/html;charset=utf-8" />
  <meta name='ocr-system' content='tesseract 3.04.00' />
  <meta name='ocr-capabilities' content='ocr_page ocr_carea ocr_par ocr_line ocrx_word'/>
</head>
<body>
  <div class='ocr_page' id='page_1' title='image "./janiplanciarimin01bian_0076.png"; bbox 0 0 1951 3085; ppageno 0'>
   <div class='ocr_carea' id='block_1_1' title="bbox 489 199 1547 261">
    <p class='ocr_par' dir='ltr' id='par_1_1' title="bbox 489 199 1547 261">
     <span class='ocr_line' id='line_1_1' title="bbox 489 199 1547 261; baseline 0.001 -3"><span class='ocrx_word' id='word_1_1' title='bbox 489 199 570 258; x_wconf 64' lang='lat'>68</span> <span class='ocrx_word' id='word_1_2' title='bbox 785 200 1547 261; x_wconf 60' lang='lat' dir='ltr'><strong>&#39;SPECIMEN&#39;&#39;</strong></span> 
     </span>
    </p>
   </div>
   <div class='ocr_carea' id='block_1_2' title="bbox 410 311 1869 891">
    <p class='ocr_par' dir='ltr' id='par_1_2' title="bbox 410 311 1869 891">
     <span class='ocr_line' id='line_1_2' title="bbox 410 311 1861 372; baseline -0.002 -14"><span class='ocrx_word' id='word_1_3' title='bbox 410 328 607 372; x_wconf 76' lang='lat' dir='ltr'>ragraret.</span> <span class='ocrx_word' id='word_1_4' title='bbox 628 312 803 353; x_wconf 83' lang='lat' dir='ltr'>Fortaffe</span> <span class='ocrx_word' id='word_1_5' title='bbox 825 325 903 351; x_wconf 87' lang='lat' dir='ltr'>non</span> <span class='ocrx_word' id='word_1_6' title='bbox 922 311 1102 351; x_wconf 88' lang='lat' dir='ltr'>omnibus</span> <span class='ocrx_word' id='word_1_7' title='bbox 1125 312 1269 353; x_wconf 92' lang='lat' dir='ltr'>inlocis</span> <span class='ocrx_word' id='word_1_8' title='bbox 1291 312 1430 354; x_wconf 87' lang='lat' dir='ltr'>eodem</span> <span class='ocrx_word' id='word_1_9' title='bbox 1442 313 1556 368; x_wconf 63' lang='lat' dir='ltr'>paS&#39;to</span> <span class='ocrx_word' id='word_1_10' title='bbox 1577 313 1728 355; x_wconf 90' lang='lat' dir='ltr'>cursum</span> <span class='ocrx_word' id='word_1_11' title='bbox 1749 314 1861 356; x_wconf 61' lang='lat' dir='ltr'>suum*</span> 
     </span>
     <span class='ocr_line' id='line_1_3' title="bbox 411 369 1860 425; baseline 0 -12"><span class='ocrx_word' id='word_1_12' title='bbox 411 375 539 416; x_wconf 81' lang='lat' dir='ltr'>servat</span> <span class='ocrx_word' id='word_1_13' title='bbox 559 375 675 413; x_wconf 77' lang='lat' dir='ltr'>Mare</span> <span class='ocrx_word' id='word_1_14' title='bbox 696 401 706 411; x_wconf 89' lang='lat'><strong><em>.</em></strong></span> <span class='ocrx_word' id='word_1_15' title='bbox 739 369 978 412; x_wconf 81' lang='lat' dir='ltr'>Observavit</span> <span class='ocrx_word' id='word_1_16' title='bbox 1001 383 1206 425; x_wconf 82' lang='lat' dir='ltr'>praeterea</span> <span class='ocrx_word' id='word_1_17' title='bbox 1223 373 1500 412; x_wconf 83' lang='lat' dir='ltr'>Montanarius</span> <span class='ocrx_word' id='word_1_18' title='bbox 1521 372 1705 413; x_wconf 86' lang='lat' dir='ltr'>Flumina</span> <span class='ocrx_word' id='word_1_19' title='bbox 1725 374 1860 413; x_wconf 83' lang='lat' dir='ltr'>omnia</span> 
     </span>
     <span class='ocr_line' id='line_1_4' title="bbox 413 427 1861 484; baseline -0.002 -11"><span class='ocrx_word' id='word_1_20' title='bbox 413 433 540 473; x_wconf 85' lang='lat' dir='ltr'>Maris</span> <span class='ocrx_word' id='word_1_21' title='bbox 562 430 784 471; x_wconf 82' lang='lat' dir='ltr'>Hadriatici</span> <span class='ocrx_word' id='word_1_22' title='bbox 806 427 1058 468; x_wconf 80' lang='lat' dir='ltr'>finistrorsum</span> <span class='ocrx_word' id='word_1_23' title='bbox 1090 431 1130 469; x_wconf 89' lang='lat' dir='ltr'>in</span> <span class='ocrx_word' id='word_1_24' title='bbox 1152 429 1278 484; x_wconf 87' lang='lat' dir='ltr'>ipsum</span> <span class='ocrx_word' id='word_1_25' title='bbox 1300 429 1336 470; x_wconf 87' lang='lat' dir='ltr'>se</span> <span class='ocrx_word' id='word_1_26' title='bbox 1360 430 1603 472; x_wconf 87' lang='lat' dir='ltr'>exhonerare</span> <span class='ocrx_word' id='word_1_27' title='bbox 1618 460 1630 482; x_wconf 90' lang='lat'>,</span> <span class='ocrx_word' id='word_1_28' title='bbox 1660 443 1701 471; x_wconf 91' lang='lat' dir='ltr'>ut</span> <span class='ocrx_word' id='word_1_29' title='bbox 1723 444 1861 472; x_wconf 86' lang='lat' dir='ltr'>revera</span> 
     </span>
     <span class='ocr_line' id='line_1_5' title="bbox 412 486 1862 543; baseline -0.001 -13"><span class='ocrx_word' id='word_1_30' title='bbox 412 488 665 530; x_wconf 80' lang='lat' dir='ltr'>sinistrorsum</span> <span class='ocrx_word' id='word_1_31' title='bbox 686 487 722 530; x_wconf 91' lang='lat' dir='ltr'>se</span> <span class='ocrx_word' id='word_1_32' title='bbox 745 486 782 527; x_wconf 89' lang='lat' dir='ltr'>se</span> <span class='ocrx_word' id='word_1_33' title='bbox 806 486 1053 528; x_wconf 83' lang='lat' dir='ltr'>exhonerant</span> <span class='ocrx_word' id='word_1_34' title='bbox 1074 487 1259 529; x_wconf 86' lang='lat' dir='ltr'>Flumina</span> <span class='ocrx_word' id='word_1_35' title='bbox 1280 487 1429 539; x_wconf 86' lang='lat' dir='ltr'>nostra,</span> <span class='ocrx_word' id='word_1_36' title='bbox 1460 488 1691 543; x_wconf 84' lang='lat' dir='ltr'>praesertim</span> <span class='ocrx_word' id='word_1_37' title='bbox 1715 490 1862 528; x_wconf 88' lang='lat' dir='ltr'>Arirni-</span> 
     </span>
     <span class='ocr_line' id='line_1_6' title="bbox 413 543 1864 603; baseline -0.002 -14"><span class='ocrx_word' id='word_1_38' title='bbox 413 548 528 589; x_wconf 84' lang='lat' dir='ltr'>nense</span> <span class='ocrx_word' id='word_1_39' title='bbox 560 546 757 587; x_wconf 82' lang='lat' dir='ltr'>Maricula</span> <span class='ocrx_word' id='word_1_40' title='bbox 786 544 902 586; x_wconf 87' lang='lat' dir='ltr'>hodie</span> <span class='ocrx_word' id='word_1_41' title='bbox 934 543 1117 597; x_wconf 68' lang='lat' dir='ltr'>di6‘turn,·</span> <span class='ocrx_word' id='word_1_42' title='bbox 1152 546 1267 603; x_wconf 77' lang='lat' dir='ltr'>Qiod</span> <span class='ocrx_word' id='word_1_43' title='bbox 1299 546 1491 600; x_wconf 82' lang='lat' dir='ltr'>aliquibus</span> <span class='ocrx_word' id='word_1_44' title='bbox 1523 546 1704 588; x_wconf 87' lang='lat' dir='ltr'>mirabile</span> <span class='ocrx_word' id='word_1_45' title='bbox 1737 546 1864 587; x_wconf 88' lang='lat' dir='ltr'>videri</span> 
     </span>
     <span class='ocr_line' id='line_1_7' title="bbox 413 602 1863 662; baseline -0.001 -16"><span class='ocrx_word' id='word_1_46' title='bbox 413 606 535 662; x_wconf 83' lang='lat' dir='ltr'>potest</span> <span class='ocrx_word' id='word_1_47' title='bbox 556 635 569 657; x_wconf 83' lang='lat'>‚</span> <span class='ocrx_word' id='word_1_48' title='bbox 598 620 665 645; x_wconf 87' lang='lat' dir='ltr'>cur</span> <span class='ocrx_word' id='word_1_49' title='bbox 683 605 811 659; x_wconf 90' lang='lat' dir='ltr'>potius</span> <span class='ocrx_word' id='word_1_50' title='bbox 839 616 977 644; x_wconf 86' lang='lat' dir='ltr'>contra</span> <span class='ocrx_word' id='word_1_51' title='bbox 996 602 1150 644; x_wconf 86' lang='lat' dir='ltr'>cursum</span> <span class='ocrx_word' id='word_1_52' title='bbox 1172 605 1290 644; x_wconf 86' lang='lat' dir='ltr'>maris</span> <span class='ocrx_word' id='word_1_53' title='bbox 1310 604 1602 660; x_wconf 76' lang='lat' dir='ltr'>ingrediantur,</span> <span class='ocrx_word' id='word_1_54' title='bbox 1634 605 1747 658; x_wconf 87' lang='lat' dir='ltr'>eique</span> <span class='ocrx_word' id='word_1_55' title='bbox 1769 604 1863 645; x_wconf 90' lang='lat' dir='ltr'>dum</span> 
     </span>
     <span class='ocr_line' id='line_1_8' title="bbox 417 661 1860 718; baseline -0.001 -13"><span class='ocrx_word' id='word_1_56' title='bbox 417 667 587 705; x_wconf 87' lang='lat' dir='ltr'>influunt</span> <span class='ocrx_word' id='word_1_57' title='bbox 607 678 685 704; x_wconf 90' lang='lat' dir='ltr'>non</span> <span class='ocrx_word' id='word_1_58' title='bbox 709 661 971 716; x_wconf 82' lang='lat' dir='ltr'>obsequantur</span> <span class='ocrx_word' id='word_1_59' title='bbox 990 692 1000 702; x_wconf 84' lang='grc'><strong>.</strong></span> <span class='ocrx_word' id='word_1_60' title='bbox 1033 662 1107 703; x_wconf 85' lang='lat' dir='ltr'>Sed</span> <span class='ocrx_word' id='word_1_61' title='bbox 1127 661 1237 715; x_wconf 86' lang='lat' dir='ltr'>hujus</span> <span class='ocrx_word' id='word_1_62' title='bbox 1258 663 1313 703; x_wconf 90' lang='lat' dir='ltr'>rei</span> <span class='ocrx_word' id='word_1_63' title='bbox 1333 664 1434 704; x_wconf 87' lang='lat' dir='ltr'>ratio</span> <span class='ocrx_word' id='word_1_64' title='bbox 1458 663 1533 714; x_wconf 83' lang='lat' dir='ltr'>est,</span> <span class='ocrx_word' id='word_1_65' title='bbox 1555 662 1658 718; x_wconf 87' lang='lat' dir='ltr'>quod</span> <span class='ocrx_word' id='word_1_66' title='bbox 1680 675 1860 717; x_wconf 87' lang='lat' dir='ltr'>tempore</span> 
     </span>
     <span class='ocr_line' id='line_1_9' title="bbox 415 719 1865 775; baseline -0.001 -13"><span class='ocrx_word' id='word_1_67' title='bbox 415 721 559 762; x_wconf 89' lang='lat' dir='ltr'>Cursus</span> <span class='ocrx_word' id='word_1_68' title='bbox 581 721 782 775; x_wconf 82' lang='lat' dir='ltr'>tranquilli</span> <span class='ocrx_word' id='word_1_69' title='bbox 805 720 998 761; x_wconf 83' lang='lat' dir='ltr'>Fluminis</span> <span class='ocrx_word' id='word_1_70' title='bbox 1029 719 1078 759; x_wconf 94' lang='lat' dir='ltr'>ad</span> <span class='ocrx_word' id='word_1_71' title='bbox 1106 720 1314 761; x_wconf 84' lang='lat' dir='ltr'>dexteram</span> <span class='ocrx_word' id='word_1_72' title='bbox 1336 723 1471 761; x_wconf 82' lang='lat' dir='ltr'>Arena</span> <span class='ocrx_word' id='word_1_73' title='bbox 1495 723 1531 760; x_wconf 76' lang='lat'>8&lt;</span> <span class='ocrx_word' id='word_1_74' title='bbox 1552 724 1735 761; x_wconf 89' lang='lat' dir='ltr'>Coenum</span> <span class='ocrx_word' id='word_1_75' title='bbox 1769 721 1865 760; x_wconf 89' lang='lat' dir='ltr'>mul-</span> 
     </span>
     <span class='ocr_line' id='line_1_10' title="bbox 416 777 1866 834; baseline 0 -16"><span class='ocrx_word' id='word_1_76' title='bbox 416 792 504 819; x_wconf 88' lang='lat' dir='ltr'>tum</span> <span class='ocrx_word' id='word_1_77' title='bbox 521 791 746 834; x_wconf 61' lang='lat' dir='ltr'>⁸aggeratur</span> <span class='ocrx_word' id='word_1_78' title='bbox 776 777 939 817; x_wconf 88' lang='lat' dir='ltr'>secundo</span> <span class='ocrx_word' id='word_1_79' title='bbox 962 779 1088 818; x_wconf 86' lang='lat' dir='ltr'>Maris</span> <span class='ocrx_word' id='word_1_80' title='bbox 1120 780 1228 817; x_wconf 88' lang='lat' dir='ltr'>fluxu</span> <span class='ocrx_word' id='word_1_81' title='bbox 1259 779 1313 818; x_wconf 88' lang='lat' dir='ltr'>ibi</span> <span class='ocrx_word' id='word_1_82' title='bbox 1335 792 1626 833; x_wconf 78' lang='lat' dir='ltr'>comportatum</span> <span class='ocrx_word' id='word_1_83' title='bbox 1649 810 1658 819; x_wconf 89' lang='lat'>.</span> <span class='ocrx_word' id='word_1_84' title='bbox 1692 781 1866 833; x_wconf 87' lang='lat' dir='ltr'>Tempo-</span> 
     </span>
     <span class='ocr_line' id='line_1_11' title="bbox 416 835 1869 891; baseline -0.001 -14"><span class='ocrx_word' id='word_1_85' title='bbox 416 851 459 877; x_wconf 84' lang='lat' dir='ltr'>re</span> <span class='ocrx_word' id='word_1_86' title='bbox 483 851 577 877; x_wconf 90' lang='lat' dir='ltr'>vero</span> <span class='ocrx_word' id='word_1_87' title='bbox 609 851 685 891; x_wconf 88' lang='lat' dir='ltr'>quo</span> <span class='ocrx_word' id='word_1_88' title='bbox 715 835 901 875; x_wconf 83' lang='lat' dir='ltr'>Flumina</span> <span class='ocrx_word' id='word_1_89' title='bbox 932 836 1058 889; x_wconf 84' lang='lat' dir='ltr'>Aquis</span> <span class='ocrx_word' id='word_1_90' title='bbox 1078 836 1220 890; x_wconf 87' lang='lat' dir='ltr'>pluviis</span> <span class='ocrx_word' id='word_1_91' title='bbox 1252 848 1408 876; x_wconf 87' lang='lat' dir='ltr'>tument</span> <span class='ocrx_word' id='word_1_92' title='bbox 1441 839 1476 876; x_wconf 71' lang='lat'>8&lt;</span> <span class='ocrx_word' id='word_1_93' title='bbox 1509 837 1711 877; x_wconf 80' lang='lat' dir='ltr'>exundant</span> <span class='ocrx_word' id='word_1_94' title='bbox 1733 866 1745 887; x_wconf 85' lang='lat'>,</span> <span class='ocrx_word' id='word_1_95' title='bbox 1777 849 1869 876; x_wconf 87' lang='lat' dir='ltr'>tunc</span> 
     </span>
    </p>
   </div>
   <div class='ocr_carea' id='block_1_3' title="bbox 416 893 1889 2515">
    <p class='ocr_par' dir='ltr' id='par_1_3' title="bbox 416 893 1889 2515">
     <span class='ocr_line' id='line_1_12' title="bbox 416 893 1871 950; baseline -0.001 -16"><span class='ocrx_word' id='word_1_96' title='bbox 416 907 579 950; x_wconf 86' lang='lat' dir='ltr'>propter</span> <span class='ocrx_word' id='word_1_97' title='bbox 609 893 939 949; x_wconf 80' lang='lat' dir='ltr'>impedimentum</span> <span class='ocrx_word' id='word_1_98' title='bbox 969 893 1066 932; x_wconf 90' lang='lat' dir='ltr'>illud</span> <span class='ocrx_word' id='word_1_99' title='bbox 1098 908 1121 933; x_wconf 83' lang='lat' dir='ltr'>a</span> <span class='ocrx_word' id='word_1_100' title='bbox 1152 893 1323 936; x_wconf 79' lang='lat' dir='ltr'>dexteris</span> <span class='ocrx_word' id='word_1_101' title='bbox 1355 894 1554 949; x_wconf 77' lang='lat' dir='ltr'>aggestum</span> <span class='ocrx_word' id='word_1_102' title='bbox 1576 924 1588 946; x_wconf 85' lang='lat'>,</span> <span class='ocrx_word' id='word_1_103' title='bbox 1618 893 1871 934; x_wconf 82' lang='lat' dir='ltr'>sinistrorsum</span> 
     </span>
     <span class='ocr_line' id='line_1_13' title="bbox 417 949 1871 1007; baseline -0.001 -15"><span class='ocrx_word' id='word_1_104' title='bbox 417 953 455 994; x_wconf 91' lang='lat' dir='ltr'>se</span> <span class='ocrx_word' id='word_1_105' title='bbox 476 964 712 994; x_wconf 87' lang='lat' dir='ltr'>convertunt</span> <span class='ocrx_word' id='word_1_106' title='bbox 732 982 744 1003; x_wconf 88' lang='lat'>,</span> <span class='ocrx_word' id='word_1_107' title='bbox 775 951 811 989; x_wconf 78' lang='lat'>8&lt;</span> <span class='ocrx_word' id='word_1_108' title='bbox 834 952 985 1004; x_wconf 85' lang='lat' dir='ltr'>impetu</span> <span class='ocrx_word' id='word_1_109' title='bbox 1006 949 1111 990; x_wconf 51' lang='lat' dir='ltr'>saffo</span> <span class='ocrx_word' id='word_1_110' title='bbox 1135 952 1288 991; x_wconf 90' lang='lat' dir='ltr'>irruunt</span> <span class='ocrx_word' id='word_1_111' title='bbox 1308 982 1320 1003; x_wconf 83' lang='lat'>,</span> <span class='ocrx_word' id='word_1_112' title='bbox 1352 965 1394 992; x_wconf 87' lang='lat' dir='ltr'>ut</span> <span class='ocrx_word' id='word_1_113' title='bbox 1416 967 1556 993; x_wconf 74' lang='lat' dir='ltr'>revera</span> <span class='ocrx_word' id='word_1_114' title='bbox 1577 952 1737 1007; x_wconf 89' lang='lat' dir='ltr'>strepitu</span> <span class='ocrx_word' id='word_1_115' title='bbox 1757 953 1871 992; x_wconf 87' lang='lat' dir='ltr'>irruit</span> 
     </span>
     <span class='ocr_line' id='line_1_14' title="bbox 417 1008 1871 1063; baseline -0.001 -12"><span class='ocrx_word' id='word_1_116' title='bbox 417 1011 565 1062; x_wconf 83' lang='lat' dir='ltr'>noster,</span> <span class='ocrx_word' id='word_1_117' title='bbox 597 1012 633 1050; x_wconf 81' lang='lat'>8&lt;</span> <span class='ocrx_word' id='word_1_118' title='bbox 654 1010 747 1051; x_wconf 84' lang='lat' dir='ltr'>saxa</span> <span class='ocrx_word' id='word_1_119' title='bbox 778 1008 1033 1063; x_wconf 61' lang='lat' dir='ltr'>glarea-mque</span> <span class='ocrx_word' id='word_1_120' title='bbox 1055 1010 1225 1050; x_wconf 85' lang='lat' dir='ltr'>multam</span> <span class='ocrx_word' id='word_1_121' title='bbox 1257 1009 1305 1050; x_wconf 88' lang='lat' dir='ltr'>ad</span> <span class='ocrx_word' id='word_1_122' title='bbox 1337 1010 1527 1051; x_wconf 84' lang='lat' dir='ltr'>finistram</span> <span class='ocrx_word' id='word_1_123' title='bbox 1554 1011 1679 1062; x_wconf 82' lang='lat' dir='ltr'>rejicit</span> <span class='ocrx_word' id='word_1_124' title='bbox 1704 1040 1716 1062; x_wconf 87' lang='lat'>,</span> <span class='ocrx_word' id='word_1_125' title='bbox 1747 1023 1789 1050; x_wconf 88' lang='lat' dir='ltr'>ut</span> <span class='ocrx_word' id='word_1_126' title='bbox 1821 1025 1871 1050; x_wconf 85' lang='lat' dir='ltr'>ex</span> 
     </span>
     <span class='ocr_line' id='line_1_15' title="bbox 420 1067 1874 1124; baseline 0 -16"><span class='ocrx_word' id='word_1_127' title='bbox 420 1070 480 1108; x_wconf 84' lang='lat' dir='ltr'>his</span> <span class='ocrx_word' id='word_1_128' title='bbox 500 1068 600 1108; x_wconf 82' lang='lat' dir='ltr'>saxis</span> <span class='ocrx_word' id='word_1_129' title='bbox 621 1068 830 1123; x_wconf 80' lang='lat' dir='ltr'>glarcaque</span> <span class='ocrx_word' id='word_1_130' title='bbox 854 1079 974 1120; x_wconf 77' lang='lat' dir='ltr'>agger</span> <span class='ocrx_word' id='word_1_131' title='bbox 994 1067 1156 1119; x_wconf 87' lang='lat' dir='ltr'>quidam</span> <span class='ocrx_word' id='word_1_132' title='bbox 1175 1096 1187 1118; x_wconf 89' lang='lat'>,</span> <span class='ocrx_word' id='word_1_133' title='bbox 1218 1069 1255 1106; x_wconf 72' lang='lat'>8&lt;</span> <span class='ocrx_word' id='word_1_134' title='bbox 1286 1070 1317 1107; x_wconf 84' lang='lat' dir='ltr'>is</span> <span class='ocrx_word' id='word_1_135' title='bbox 1348 1068 1437 1109; x_wconf 85' lang='lat' dir='ltr'>satis</span> <span class='ocrx_word' id='word_1_136' title='bbox 1470 1070 1570 1110; x_wconf 86' lang='lat' dir='ltr'>altus</span> <span class='ocrx_word' id='word_1_137' title='bbox 1602 1084 1652 1110; x_wconf 85' lang='lat' dir='ltr'>ex</span> <span class='ocrx_word' id='word_1_138' title='bbox 1682 1082 1874 1124; x_wconf 83' lang='lat' dir='ltr'>aquarum</span> 
     </span>
     <span class='ocr_line' id='line_1_16' title="bbox 420 1124 1872 1180; baseline -0.001 -14"><span class='ocrx_word' id='word_1_139' title='bbox 420 1127 640 1167; x_wconf 79' lang='lat' dir='ltr'>sedimento</span> <span class='ocrx_word' id='word_1_140' title='bbox 664 1127 859 1166; x_wconf 87' lang='lat' dir='ltr'>excitetur</span> <span class='ocrx_word' id='word_1_141' title='bbox 881 1153 892 1174; x_wconf 82' lang='lat'>‚</span> <span class='ocrx_word' id='word_1_142' title='bbox 925 1124 991 1177; x_wconf 86' lang='lat' dir='ltr'>qui</span> <span class='ocrx_word' id='word_1_143' title='bbox 1022 1125 1071 1164; x_wconf 83' lang='lat' dir='ltr'>ad</span> <span class='ocrx_word' id='word_1_144' title='bbox 1102 1124 1177 1164; x_wconf 90' lang='lat' dir='ltr'>duo</span> <span class='ocrx_word' id='word_1_145' title='bbox 1200 1126 1324 1166; x_wconf 85' lang='lat' dir='ltr'>millia</span> <span class='ocrx_word' id='word_1_146' title='bbox 1359 1127 1533 1180; x_wconf 71' lang='lat' dir='ltr'>passuum</span> <span class='ocrx_word' id='word_1_147' title='bbox 1565 1129 1722 1167; x_wconf 78' lang='lat' dir='ltr'>circiter</span> <span class='ocrx_word' id='word_1_148' title='bbox 1753 1141 1872 1180; x_wconf 84' lang='lat' dir='ltr'>prope</span> 
     </span>
     <span class='ocr_line' id='line_1_17' title="bbox 423 1182 1873 1236; baseline -0.002 -11"><span class='ocrx_word' id='word_1_149' title='bbox 423 1187 566 1235; x_wconf 82' lang='lat' dir='ltr'>Mare,</span> <span class='ocrx_word' id='word_1_150' title='bbox 598 1183 737 1225; x_wconf 71' lang='lat' dir='ltr'>sensim</span> <span class='ocrx_word' id='word_1_151' title='bbox 757 1194 891 1222; x_wconf 87' lang='lat' dir='ltr'>tamen</span> <span class='ocrx_word' id='word_1_152' title='bbox 912 1182 1165 1232; x_wconf 85' lang='lat' dir='ltr'>imminutus,</span> <span class='ocrx_word' id='word_1_153' title='bbox 1201 1184 1469 1236; x_wconf 81' lang='lat' dir='ltr'>protenditur.</span> <span class='ocrx_word' id='word_1_154' title='bbox 1502 1185 1546 1223; x_wconf 92' lang='lat' dir='ltr'>Id</span> <span class='ocrx_word' id='word_1_155' title='bbox 1576 1185 1717 1224; x_wconf 85' lang='lat' dir='ltr'>accidit</span> <span class='ocrx_word' id='word_1_156' title='bbox 1749 1185 1873 1224; x_wconf 87' lang='lat' dir='ltr'>etiam</span> 
     </span>
     <span class='ocr_line' id='line_1_18' title="bbox 423 1240 1874 1293; baseline 0.001 -12"><span class='ocrx_word' id='word_1_157' title='bbox 423 1244 465 1282; x_wconf 88' lang='lat' dir='ltr'>in</span> <span class='ocrx_word' id='word_1_158' title='bbox 486 1244 674 1281; x_wconf 82' lang='lat' dir='ltr'>Metauro</span> <span class='ocrx_word' id='word_1_159' title='bbox 694 1240 816 1281; x_wconf 88' lang='lat' dir='ltr'>nobili</span> <span class='ocrx_word' id='word_1_160' title='bbox 837 1240 1021 1293; x_wconf 87' lang='lat' dir='ltr'>antiquae</span> <span class='ocrx_word' id='word_1_161' title='bbox 1045 1240 1199 1280; x_wconf 84' lang='lat' dir='ltr'>Galliae</span> <span class='ocrx_word' id='word_1_162' title='bbox 1217 1241 1414 1280; x_wconf 87' lang='lat' dir='ltr'>Senonum</span> <span class='ocrx_word' id='word_1_163' title='bbox 1437 1241 1644 1292; x_wconf 79' lang='lat' dir='ltr'>Flumine,</span> <span class='ocrx_word' id='word_1_164' title='bbox 1664 1252 1707 1281; x_wconf 89' lang='lat' dir='ltr'>ut</span> <span class='ocrx_word' id='word_1_165' title='bbox 1728 1241 1874 1282; x_wconf 84' lang='lat' dir='ltr'>Glarea</span> 
     </span>
     <span class='ocr_line' id='line_1_19' title="bbox 426 1296 1878 1354; baseline -0.003 -12"><span class='ocrx_word' id='word_1_166' title='bbox 426 1300 504 1353; x_wconf 78' lang='lat' dir='ltr'>ejus</span> <span class='ocrx_word' id='word_1_167' title='bbox 528 1298 728 1340; x_wconf 79' lang='lat' dir='ltr'>Pisaurum</span> <span class='ocrx_word' id='word_1_168' title='bbox 748 1296 866 1351; x_wconf 89' lang='lat' dir='ltr'>usque</span> <span class='ocrx_word' id='word_1_169' title='bbox 888 1296 1131 1349; x_wconf 81' lang='lat' dir='ltr'>advehatur,</span> <span class='ocrx_word' id='word_1_170' title='bbox 1153 1297 1256 1351; x_wconf 91' lang='lat' dir='ltr'>quod</span> <span class='ocrx_word' id='word_1_171' title='bbox 1277 1299 1425 1339; x_wconf 75' lang='lat' dir='ltr'>caussae</span> <span class='ocrx_word' id='word_1_172' title='bbox 1449 1298 1503 1339; x_wconf 89' lang='lat' dir='ltr'>est</span> <span class='ocrx_word' id='word_1_173' title='bbox 1524 1301 1736 1350; x_wconf 88' lang='lat' dir='ltr'>utPortus,</span> <span class='ocrx_word' id='word_1_174' title='bbox 1757 1313 1878 1354; x_wconf 88' lang='lat' dir='ltr'>quem</span> 
     </span>
     <span class='ocr_line' id='line_1_20' title="bbox 424 1355 1878 1413; baseline -0.001 -15"><span class='ocrx_word' id='word_1_175' title='bbox 424 1359 578 1413; x_wconf 80' lang='lat' dir='ltr'>magnis</span> <span class='ocrx_word' id='word_1_176' title='bbox 599 1357 787 1398; x_wconf 89' lang='lat' dir='ltr'>sumtibus</span> <span class='ocrx_word' id='word_1_177' title='bbox 810 1356 924 1396; x_wconf 87' lang='lat' dir='ltr'>toties</span> <span class='ocrx_word' id='word_1_178' title='bbox 947 1356 1014 1395; x_wconf 88' lang='lat' dir='ltr'>fibi</span> <span class='ocrx_word' id='word_1_179' title='bbox 1038 1355 1335 1397; x_wconf 83' lang='lat' dir='ltr'>construxerunt</span> <span class='ocrx_word' id='word_1_180' title='bbox 1357 1356 1550 1398; x_wconf 87' lang='lat' dir='ltr'>Fanenses</span> <span class='ocrx_word' id='word_1_181' title='bbox 1569 1359 1621 1398; x_wconf 88' lang='lat' dir='ltr'>cis</span> <span class='ocrx_word' id='word_1_182' title='bbox 1643 1360 1878 1399; x_wconf 87' lang='lat' dir='ltr'>Metaurum</span> 
     </span>
     <span class='ocr_line' id='line_1_21' title="bbox 427 1412 1877 1471; baseline -0.001 -15"><span class='ocrx_word' id='word_1_183' title='bbox 427 1416 647 1469; x_wconf 81' lang='lat' dir='ltr'>hujusmodi</span> <span class='ocrx_word' id='word_1_184' title='bbox 679 1416 823 1456; x_wconf 84' lang='lat' dir='ltr'>Glarea</span> <span class='ocrx_word' id='word_1_185' title='bbox 855 1412 1006 1468; x_wconf 87' lang='lat' dir='ltr'>semper</span> <span class='ocrx_word' id='word_1_186' title='bbox 1036 1415 1311 1469; x_wconf 81' lang='lat' dir='ltr'>compleatur,</span> <span class='ocrx_word' id='word_1_187' title='bbox 1343 1418 1380 1454; x_wconf 77' lang='grc'>8(</span> <span class='ocrx_word' id='word_1_188' title='bbox 1405 1417 1552 1456; x_wconf 86' lang='lat' dir='ltr'>inutilis</span> <span class='ocrx_word' id='word_1_189' title='bbox 1572 1417 1618 1457; x_wconf 88' lang='lat' dir='ltr'>fit</span> <span class='ocrx_word' id='word_1_190' title='bbox 1638 1447 1650 1468; x_wconf 81' lang='lat'>,</span> <span class='ocrx_word' id='word_1_191' title='bbox 1681 1430 1803 1471; x_wconf 86' lang='lat' dir='ltr'>quum</span> <span class='ocrx_word' id='word_1_192' title='bbox 1836 1416 1877 1455; x_wconf 87' lang='lat' dir='ltr'>in</span> 
     </span>
     <span class='ocr_line' id='line_1_22' title="bbox 428 1471 1877 1529; baseline -0.001 -15"><span class='ocrx_word' id='word_1_193' title='bbox 428 1474 510 1529; x_wconf 89' lang='lat' dir='ltr'>ipso</span> <span class='ocrx_word' id='word_1_194' title='bbox 533 1476 719 1515; x_wconf 87' lang='lat' dir='ltr'>Metauro</span> <span class='ocrx_word' id='word_1_195' title='bbox 740 1471 866 1513; x_wconf 86' lang='lat' dir='ltr'>fuiffet</span> <span class='ocrx_word' id='word_1_196' title='bbox 887 1471 1179 1524; x_wconf 77' lang='lat' dir='ltr'>construendus,</span> <span class='ocrx_word' id='word_1_197' title='bbox 1201 1485 1243 1513; x_wconf 80' lang='lat' dir='ltr'>ut</span> <span class='ocrx_word' id='word_1_198' title='bbox 1265 1473 1369 1513; x_wconf 88' lang='lat' dir='ltr'>utilis</span> <span class='ocrx_word' id='word_1_199' title='bbox 1390 1475 1426 1513; x_wconf 76' lang='grc' dir='ltr'>ὅ(</span> <span class='ocrx_word' id='word_1_200' title='bbox 1445 1487 1656 1529; x_wconf 85' lang='lat' dir='ltr'>perpetuus</span> <span class='ocrx_word' id='word_1_201' title='bbox 1676 1485 1877 1515; x_wconf 86' lang='lat' dir='ltr'>maneret.</span> 
     </span>
     <span class='ocr_line' id='line_1_23' title="bbox 428 1530 1878 1587; baseline -0.002 -14"><span class='ocrx_word' id='word_1_202' title='bbox 428 1532 721 1587; x_wconf 78' lang='lat' dir='ltr'>Guglielminus</span> <span class='ocrx_word' id='word_1_203' title='bbox 740 1531 990 1571; x_wconf 84' lang='lat' dir='ltr'>Montanarii</span> <span class='ocrx_word' id='word_1_204' title='bbox 1013 1530 1234 1585; x_wconf 87' lang='lat' dir='ltr'>Discipulus</span> <span class='ocrx_word' id='word_1_205' title='bbox 1265 1546 1510 1585; x_wconf 83' lang='lat' dir='ltr'>quamquam</span> <span class='ocrx_word' id='word_1_206' title='bbox 1542 1548 1631 1573; x_wconf 90' lang='lat' dir='ltr'>cum</span> <span class='ocrx_word' id='word_1_207' title='bbox 1650 1532 1731 1587; x_wconf 89' lang='lat' dir='ltr'>ipso</span> <span class='ocrx_word' id='word_1_208' title='bbox 1763 1545 1878 1585; x_wconf 79' lang='lat' dir='ltr'>agno-</span> 
     </span>
     <span class='ocr_line' id='line_1_24' title="bbox 427 1588 1879 1643; baseline -0.002 -13"><span class='ocrx_word' id='word_1_209' title='bbox 427 1590 506 1631; x_wconf 83' lang='lat' dir='ltr'>scat</span> <span class='ocrx_word' id='word_1_210' title='bbox 528 1588 696 1631; x_wconf 86' lang='lat' dir='ltr'>Cursum</span> <span class='ocrx_word' id='word_1_211' title='bbox 729 1589 848 1631; x_wconf 84' lang='lat' dir='ltr'>maris</span> <span class='ocrx_word' id='word_1_212' title='bbox 878 1588 995 1629; x_wconf 90' lang='lat' dir='ltr'>nostri</span> <span class='ocrx_word' id='word_1_213' title='bbox 1026 1589 1127 1643; x_wconf 86' lang='lat' dir='ltr'>apud</span> <span class='ocrx_word' id='word_1_214' title='bbox 1150 1603 1217 1628; x_wconf 86' lang='lat' dir='ltr'>nos</span> <span class='ocrx_word' id='word_1_215' title='bbox 1248 1588 1496 1629; x_wconf 86' lang='lat' dir='ltr'>dextrorsum</span> <span class='ocrx_word' id='word_1_216' title='bbox 1518 1591 1678 1630; x_wconf 87' lang='lat' dir='ltr'>tendere</span> <span class='ocrx_word' id='word_1_217' title='bbox 1700 1619 1712 1639; x_wconf 79' lang='lat'>,</span> <span class='ocrx_word' id='word_1_218' title='bbox 1742 1601 1879 1629; x_wconf 79' lang='lat' dir='ltr'>tamen</span> 
     </span>
     <span class='ocr_line' id='line_1_25' title="bbox 428 1645 1879 1702; baseline -0.002 -13"><span class='ocrx_word' id='word_1_219' title='bbox 428 1649 571 1689; x_wconf 86' lang='lat' dir='ltr'>oblitus</span> <span class='ocrx_word' id='word_1_220' title='bbox 593 1647 647 1688; x_wconf 89' lang='lat' dir='ltr'>est</span> <span class='ocrx_word' id='word_1_221' title='bbox 678 1648 781 1702; x_wconf 88' lang='lat' dir='ltr'>quod</span> <span class='ocrx_word' id='word_1_222' title='bbox 804 1645 955 1688; x_wconf 88' lang='lat' dir='ltr'>disertis</span> <span class='ocrx_word' id='word_1_223' title='bbox 975 1648 1106 1687; x_wconf 90' lang='lat' dir='ltr'>verbis</span> <span class='ocrx_word' id='word_1_224' title='bbox 1127 1645 1329 1700; x_wconf 80' lang='lat' dir='ltr'>scripserat</span> <span class='ocrx_word' id='word_1_225' title='bbox 1350 1649 1626 1688; x_wconf 88' lang='lat' dir='ltr'>Montanarius</span> <span class='ocrx_word' id='word_1_226' title='bbox 1657 1647 1704 1688; x_wconf 88' lang='lat' dir='ltr'>de</span> <span class='ocrx_word' id='word_1_227' title='bbox 1737 1645 1879 1701; x_wconf 79' lang='lat' dir='ltr'>ingres-</span> 
     </span>
     <span class='ocr_line' id='line_1_26' title="bbox 431 1704 1879 1759; baseline 0 -14"><span class='ocrx_word' id='word_1_228' title='bbox 431 1706 472 1746; x_wconf 87' lang='lat' dir='ltr'>su</span> <span class='ocrx_word' id='word_1_229' title='bbox 493 1706 724 1746; x_wconf 82' lang='lat' dir='ltr'>Fluminum</span> <span class='ocrx_word' id='word_1_230' title='bbox 746 1707 787 1745; x_wconf 84' lang='lat' dir='ltr'>in</span> <span class='ocrx_word' id='word_1_231' title='bbox 809 1719 918 1747; x_wconf 87' lang='lat' dir='ltr'>mare</span> <span class='ocrx_word' id='word_1_232' title='bbox 941 1705 1112 1746; x_wconf 80' lang='lat' dir='ltr'>nostrum</span> <span class='ocrx_word' id='word_1_233' title='bbox 1133 1735 1145 1756; x_wconf 90' lang='lat'>,</span> <span class='ocrx_word' id='word_1_234' title='bbox 1175 1705 1213 1744; x_wconf 81' lang='lat'>8&lt;</span> <span class='ocrx_word' id='word_1_235' title='bbox 1243 1717 1379 1745; x_wconf 85' lang='lat' dir='ltr'>contra</span> <span class='ocrx_word' id='word_1_236' title='bbox 1401 1707 1690 1759; x_wconf 85' lang='lat' dir='ltr'>experientiam</span> <span class='ocrx_word' id='word_1_237' title='bbox 1721 1704 1879 1745; x_wconf 81' lang='lat' dir='ltr'>asseruit</span> 
     </span>
     <span class='ocr_line' id='line_1_27' title="bbox 430 1762 1882 1816; baseline -0.001 -12"><span class='ocrx_word' id='word_1_238' title='bbox 430 1764 622 1804; x_wconf 66' lang='lat' dir='ltr'>flumina</span> <span class='ocrx_word' id='word_1_239' title='bbox 642 1763 926 1814; x_wconf 81' lang='lat' dir='ltr'>Ferraricnfia,</span> <span class='ocrx_word' id='word_1_240' title='bbox 957 1765 994 1802; x_wconf 91' lang='lat'>&amp;</span> <span class='ocrx_word' id='word_1_241' title='bbox 1015 1763 1169 1802; x_wconf 84' lang='lat' dir='ltr'>Galliae</span> <span class='ocrx_word' id='word_1_242' title='bbox 1190 1762 1339 1802; x_wconf 87' lang='lat' dir='ltr'>nostrae</span> <span class='ocrx_word' id='word_1_243' title='bbox 1361 1774 1544 1816; x_wconf 76' lang='lat' dir='ltr'>togatae,</span> <span class='ocrx_word' id='word_1_244' title='bbox 1575 1762 1638 1804; x_wconf 88' lang='lat' dir='ltr'>seu</span> <span class='ocrx_word' id='word_1_245' title='bbox 1659 1762 1882 1813; x_wconf 77' lang='lat' dir='ltr'>Aemiliae,</span> 
     </span>
     <span class='ocr_line' id='line_1_28' title="bbox 435 1819 1883 1875; baseline -0.001 -14"><span class='ocrx_word' id='word_1_246' title='bbox 435 1834 478 1862; x_wconf 88' lang='lat' dir='ltr'>ut</span> <span class='ocrx_word' id='word_1_247' title='bbox 511 1821 626 1860; x_wconf 84' lang='lat' dir='ltr'>hodie</span> <span class='ocrx_word' id='word_1_248' title='bbox 658 1833 842 1871; x_wconf 79' lang='lat' dir='ltr'>vocatur,</span> <span class='ocrx_word' id='word_1_249' title='bbox 875 1820 923 1860; x_wconf 83' lang='lat' dir='ltr'>ad</span> <span class='ocrx_word' id='word_1_250' title='bbox 953 1820 1163 1860; x_wconf 83' lang='lat' dir='ltr'>dexteram</span> <span class='ocrx_word' id='word_1_251' title='bbox 1193 1820 1233 1857; x_wconf 85' lang='lat' dir='ltr'>in</span> <span class='ocrx_word' id='word_1_252' title='bbox 1254 1822 1371 1860; x_wconf 81' lang='lat' dir='ltr'>Mare</span> <span class='ocrx_word' id='word_1_253' title='bbox 1400 1822 1563 1861; x_wconf 88' lang='lat' dir='ltr'>influere</span> <span class='ocrx_word' id='word_1_254' title='bbox 1596 1819 1670 1874; x_wconf 80' lang='lat' dir='ltr'>(a)</span> <span class='ocrx_word' id='word_1_255' title='bbox 1701 1821 1883 1875; x_wconf 87' lang='lat' dir='ltr'>deceptus</span> 
     </span>
     <span class='ocr_line' id='line_1_29' title="bbox 433 1875 1883 1933; baseline -0.002 -13"><span class='ocrx_word' id='word_1_256' title='bbox 433 1893 578 1933; x_wconf 85' lang='lat' dir='ltr'>nempe</span> <span class='ocrx_word' id='word_1_257' title='bbox 610 1880 760 1919; x_wconf 81' lang='lat' dir='ltr'>ratione</span> <span class='ocrx_word' id='word_1_258' title='bbox 791 1882 918 1917; x_wconf 81' lang='lat' dir='ltr'>fluxus</span> <span class='ocrx_word' id='word_1_259' title='bbox 949 1878 1068 1917; x_wconf 87' lang='lat' dir='ltr'>maris</span> <span class='ocrx_word' id='word_1_260' title='bbox 1087 1877 1190 1915; x_wconf 87' lang='lat' dir='ltr'>illius</span> <span class='ocrx_word' id='word_1_261' title='bbox 1209 1875 1362 1927; x_wconf 81' lang='lat' dir='ltr'>dextri,</span> <span class='ocrx_word' id='word_1_262' title='bbox 1393 1878 1459 1931; x_wconf 90' lang='lat' dir='ltr'>qui</span> <span class='ocrx_word' id='word_1_263' title='bbox 1490 1878 1676 1919; x_wconf 84' lang='lat' dir='ltr'>debuerat</span> <span class='ocrx_word' id='word_1_264' title='bbox 1707 1878 1883 1919; x_wconf 87' lang='lat' dir='ltr'>dextror-</span> 
     </span>
     <span class='ocr_line' id='line_1_30' title="bbox 429 1933 1884 1990; baseline -0.001 -12"><span class='ocrx_word' id='word_1_265' title='bbox 429 1937 513 1978; x_wconf 86' lang='lat' dir='ltr'>sum</span> <span class='ocrx_word' id='word_1_266' title='bbox 534 1937 667 1977; x_wconf 87' lang='lat' dir='ltr'>omnia</span> <span class='ocrx_word' id='word_1_267' title='bbox 687 1947 933 1989; x_wconf 84' lang='lat' dir='ltr'>comportare</span> <span class='ocrx_word' id='word_1_268' title='bbox 956 1964 965 1974; x_wconf 89' lang='lat'>.</span> <span class='ocrx_word' id='word_1_269' title='bbox 1000 1936 1057 1974; x_wconf 93' lang='lat' dir='ltr'>At</span> <span class='ocrx_word' id='word_1_270' title='bbox 1086 1933 1189 1974; x_wconf 87' lang='lat' dir='ltr'>nuda</span> <span class='ocrx_word' id='word_1_271' title='bbox 1210 1934 1311 1974; x_wconf 83' lang='lat' dir='ltr'>ratio</span> <span class='ocrx_word' id='word_1_272' title='bbox 1342 1935 1382 1974; x_wconf 88' lang='lat' dir='ltr'>in</span> <span class='ocrx_word' id='word_1_273' title='bbox 1404 1936 1535 1977; x_wconf 85' lang='lat' dir='ltr'>Rebus</span> <span class='ocrx_word' id='word_1_274' title='bbox 1557 1936 1727 1990; x_wconf 83' lang='lat' dir='ltr'>Physicis</span> <span class='ocrx_word' id='word_1_275' title='bbox 1759 1936 1784 1975; x_wconf 86' lang='lat' dir='ltr'><strong>fi</strong></span> <span class='ocrx_word' id='word_1_276' title='bbox 1817 1951 1884 1976; x_wconf 77' lang='lat' dir='ltr'>ex·</span> 
     </span>
     <span class='ocr_line' id='line_1_31' title="bbox 431 1991 1882 2050; baseline -0.001 -14"><span class='ocrx_word' id='word_1_277' title='bbox 431 1996 629 2050; x_wconf 82' lang='lat' dir='ltr'>perientia</span> <span class='ocrx_word' id='word_1_278' title='bbox 650 2024 662 2045; x_wconf 90' lang='lat'>,</span> <span class='ocrx_word' id='word_1_279' title='bbox 694 1995 730 2033; x_wconf 78' lang='lat'>8&lt;</span> <span class='ocrx_word' id='word_1_280' title='bbox 761 1992 1033 2033; x_wconf 86' lang='lat' dir='ltr'>observatione</span> <span class='ocrx_word' id='word_1_281' title='bbox 1065 2006 1143 2032; x_wconf 88' lang='lat' dir='ltr'>non</span> <span class='ocrx_word' id='word_1_282' title='bbox 1173 1991 1358 2031; x_wconf 85' lang='lat' dir='ltr'>fulciatur</span> <span class='ocrx_word' id='word_1_283' title='bbox 1377 2021 1390 2044; x_wconf 83' lang='lat'>,</span> <span class='ocrx_word' id='word_1_284' title='bbox 1421 1993 1654 2048; x_wconf 80' lang='lat' dir='ltr'>plerumque</span> <span class='ocrx_word' id='word_1_285' title='bbox 1687 1994 1849 2035; x_wconf 86' lang='lat' dir='ltr'>vacillat</span> <span class='ocrx_word' id='word_1_286' title='bbox 1871 2024 1882 2034; x_wconf 88' lang='lat'>.</span> 
     </span>
     <span class='ocr_line' id='line_1_32' title="bbox 436 2049 1884 2104; baseline 0 -12"><span class='ocrx_word' id='word_1_287' title='bbox 436 2056 583 2093; x_wconf 79' lang='lat' dir='ltr'>Fateor</span> <span class='ocrx_word' id='word_1_288' title='bbox 606 2065 740 2092; x_wconf 85' lang='lat' dir='ltr'>tamen</span> <span class='ocrx_word' id='word_1_289' title='bbox 762 2050 942 2091; x_wconf 82' lang='lat' dir='ltr'>mirabile</span> <span class='ocrx_word' id='word_1_290' title='bbox 964 2050 1092 2091; x_wconf 87' lang='lat' dir='ltr'>visum</span> <span class='ocrx_word' id='word_1_291' title='bbox 1113 2049 1186 2091; x_wconf 82' lang='lat' dir='ltr'>effe</span> <span class='ocrx_word' id='word_1_292' title='bbox 1218 2050 1255 2088; x_wconf 80' lang='lat'>8&lt;</span> <span class='ocrx_word' id='word_1_293' title='bbox 1275 2050 1360 2090; x_wconf 82' lang='lat' dir='ltr'>aliis</span> <span class='ocrx_word' id='word_1_294' title='bbox 1381 2052 1486 2090; x_wconf 90' lang='lat' dir='ltr'>Viris</span> <span class='ocrx_word' id='word_1_295' title='bbox 1508 2053 1641 2092; x_wconf 85' lang='lat' dir='ltr'>multis</span> <span class='ocrx_word' id='word_1_296' title='bbox 1661 2082 1673 2104; x_wconf 86' lang='lat'>,</span> <span class='ocrx_word' id='word_1_297' title='bbox 1705 2053 1741 2092; x_wconf 84' lang='lat'>8&lt;</span> <span class='ocrx_word' id='word_1_298' title='bbox 1772 2053 1811 2092; x_wconf 88' lang='lat' dir='ltr'>in</span> <span class='ocrx_word' id='word_1_299' title='bbox 1842 2066 1884 2092; x_wconf 90' lang='lat' dir='ltr'>re</span> 
     </span>
     <span class='ocr_line' id='line_1_33' title="bbox 436 2109 1886 2165; baseline 0.001 -15"><span class='ocrx_word' id='word_1_300' title='bbox 436 2125 536 2165; x_wconf 80' lang='lat' dir='ltr'>quae</span> <span class='ocrx_word' id='word_1_301' title='bbox 570 2111 618 2151; x_wconf 86' lang='lat' dir='ltr'>ad</span> <span class='ocrx_word' id='word_1_302' title='bbox 649 2121 802 2149; x_wconf 87' lang='lat' dir='ltr'>motum</span> <span class='ocrx_word' id='word_1_303' title='bbox 823 2110 1032 2163; x_wconf 83' lang='lat' dir='ltr'>Aquarum</span> <span class='ocrx_word' id='word_1_304' title='bbox 1067 2109 1238 2162; x_wconf 85' lang='lat' dir='ltr'>pertinet</span> <span class='ocrx_word' id='word_1_305' title='bbox 1269 2109 1518 2161; x_wconf 81' lang='lat' dir='ltr'>exercitatis,</span> <span class='ocrx_word' id='word_1_306' title='bbox 1550 2111 1736 2150; x_wconf 84' lang='lat' dir='ltr'>Flumina</span> <span class='ocrx_word' id='word_1_307' title='bbox 1757 2109 1886 2151; x_wconf 77' lang='lat' dir='ltr'>nostra</span> 
     </span>
     <span class='ocr_line' id='line_1_34' title="bbox 434 2165 1887 2224; baseline 0 -16"><span class='ocrx_word' id='word_1_308' title='bbox 434 2182 520 2209; x_wconf 83' lang='lat' dir='ltr'>tam</span> <span class='ocrx_word' id='word_1_309' title='bbox 546 2169 748 2223; x_wconf 77' lang='lat' dir='ltr'>insigniter</span> <span class='ocrx_word' id='word_1_310' title='bbox 778 2165 1032 2206; x_wconf 79' lang='lat' dir='ltr'>sinistrorsum</span> <span class='ocrx_word' id='word_1_311' title='bbox 1062 2168 1103 2205; x_wconf 90' lang='lat' dir='ltr'>in</span> <span class='ocrx_word' id='word_1_312' title='bbox 1133 2168 1250 2206; x_wconf 81' lang='lat' dir='ltr'>Mare</span> <span class='ocrx_word' id='word_1_313' title='bbox 1282 2167 1471 2219; x_wconf 82' lang='lat' dir='ltr'>influere,</span> <span class='ocrx_word' id='word_1_314' title='bbox 1502 2169 1538 2208; x_wconf 76' lang='lat'>8&lt;</span> <span class='ocrx_word' id='word_1_315' title='bbox 1570 2168 1663 2210; x_wconf 85' lang='lat' dir='ltr'>saxa</span> <span class='ocrx_word' id='word_1_316' title='bbox 1694 2169 1887 2224; x_wconf 77' lang='lat' dir='ltr'>glaream-</span> 
     </span>
     <span class='ocr_line' id='line_1_35' title="bbox 435 2224 1886 2281; baseline 0.001 -15"><span class='ocrx_word' id='word_1_317' title='bbox 435 2242 509 2281; x_wconf 85' lang='lat' dir='ltr'>que</span> <span class='ocrx_word' id='word_1_318' title='bbox 531 2227 734 2280; x_wconf 78' lang='lat' dir='ltr'>ingentem</span> <span class='ocrx_word' id='word_1_319' title='bbox 757 2225 804 2265; x_wconf 89' lang='lat' dir='ltr'>ad</span> <span class='ocrx_word' id='word_1_320' title='bbox 828 2237 985 2266; x_wconf 86' lang='lat' dir='ltr'>tantum</span> <span class='ocrx_word' id='word_1_321' title='bbox 1006 2224 1261 2265; x_wconf 82' lang='lat' dir='ltr'>intervallum</span> <span class='ocrx_word' id='word_1_322' title='bbox 1284 2226 1323 2264; x_wconf 87' lang='lat' dir='ltr'>in</span> <span class='ocrx_word' id='word_1_323' title='bbox 1344 2226 1446 2266; x_wconf 88' lang='lat' dir='ltr'>hanc</span> <span class='ocrx_word' id='word_1_324' title='bbox 1465 2238 1622 2281; x_wconf 88' lang='lat' dir='ltr'>partem</span> <span class='ocrx_word' id='word_1_325' title='bbox 1647 2239 1783 2267; x_wconf 88' lang='lat' dir='ltr'>contra</span> <span class='ocrx_word' id='word_1_326' title='bbox 1796 2229 1886 2267; x_wconf 81' lang='lat' dir='ltr'>Ma-</span> 
     </span>
     <span class='ocr_line' id='line_1_36' title="bbox 435 2283 1888 2338; baseline 0 -14"><span class='ocrx_word' id='word_1_327' title='bbox 435 2287 487 2324; x_wconf 83' lang='lat' dir='ltr'>ris</span> <span class='ocrx_word' id='word_1_328' title='bbox 509 2284 677 2323; x_wconf 86' lang='lat' dir='ltr'>Cursum</span> <span class='ocrx_word' id='word_1_329' title='bbox 702 2284 893 2338; x_wconf 88' lang='lat' dir='ltr'>deponere</span> <span class='ocrx_word' id='word_1_330' title='bbox 915 2313 923 2322; x_wconf 92' lang='lat'><strong><em>.</em></strong></span> <span class='ocrx_word' id='word_1_331' title='bbox 959 2283 1032 2324; x_wconf 85' lang='lat' dir='ltr'>Sed</span> <span class='ocrx_word' id='word_1_332' title='bbox 1057 2285 1174 2322; x_wconf 85' lang='lat' dir='ltr'>Mare</span> <span class='ocrx_word' id='word_1_333' title='bbox 1206 2297 1327 2337; x_wconf 86' lang='lat' dir='ltr'>prope</span> <span class='ocrx_word' id='word_1_334' title='bbox 1347 2285 1504 2325; x_wconf 84' lang='lat' dir='ltr'>Littora</span> <span class='ocrx_word' id='word_1_335' title='bbox 1524 2284 1651 2326; x_wconf 82' lang='lat' dir='ltr'>nostra</span> <span class='ocrx_word' id='word_1_336' title='bbox 1676 2286 1888 2325; x_wconf 87' lang='lat' dir='ltr'>tumenteis</span> 
     </span>
     <span class='ocr_line' id='line_1_37' title="bbox 438 2340 1887 2397; baseline 0.001 -16"><span class='ocrx_word' id='word_1_337' title='bbox 438 2344 573 2396; x_wconf 82' lang='lat' dir='ltr'>Aquas</span> <span class='ocrx_word' id='word_1_338' title='bbox 594 2343 826 2381; x_wconf 78' lang='lat' dir='ltr'>Fluminum</span> <span class='ocrx_word' id='word_1_339' title='bbox 856 2342 1046 2383; x_wconf 76' lang='lat' dir='ltr'>lenissimo</span> <span class='ocrx_word' id='word_1_340' title='bbox 1068 2340 1132 2380; x_wconf 85' lang='lat' dir='ltr'>suo</span> <span class='ocrx_word' id='word_1_341' title='bbox 1154 2353 1265 2381; x_wconf 88' lang='lat' dir='ltr'>motu</span> <span class='ocrx_word' id='word_1_342' title='bbox 1287 2355 1421 2396; x_wconf 74' lang='lat' dir='ltr'>regere</span> <span class='ocrx_word' id='word_1_343' title='bbox 1442 2356 1519 2382; x_wconf 86' lang='lat' dir='ltr'>non</span> <span class='ocrx_word' id='word_1_344' title='bbox 1540 2342 1687 2397; x_wconf 80' lang='lat' dir='ltr'>potest,</span> <span class='ocrx_word' id='word_1_345' title='bbox 1716 2341 1887 2397; x_wconf 85' lang='lat' dir='ltr'>praeser-</span> 
     </span>
     <span class='ocr_line' id='line_1_38' title="bbox 434 2398 1887 2456; baseline 0.001 -17"><span class='ocrx_word' id='word_1_346' title='bbox 434 2402 510 2439; x_wconf 71' lang='lat' dir='ltr'>tim</span> <span class='ocrx_word' id='word_1_347' title='bbox 538 2414 631 2440; x_wconf 72' lang='lat' dir='ltr'>vero</span> <span class='ocrx_word' id='word_1_348' title='bbox 664 2401 755 2453; x_wconf 78' lang='lat' dir='ltr'>quia</span> <span class='ocrx_word' id='word_1_349' title='bbox 776 2400 961 2439; x_wconf 82' lang='lat' dir='ltr'>Flumina</span> <span class='ocrx_word' id='word_1_350' title='bbox 983 2398 1110 2439; x_wconf 83' lang='lat' dir='ltr'>nostra</span> <span class='ocrx_word' id='word_1_351' title='bbox 1141 2399 1378 2453; x_wconf 79' lang='lat' dir='ltr'>rapidiffimo</span> <span class='ocrx_word' id='word_1_352' title='bbox 1399 2400 1508 2441; x_wconf 87' lang='lat' dir='ltr'>cursu</span> <span class='ocrx_word' id='word_1_353' title='bbox 1540 2415 1591 2441; x_wconf 90' lang='lat' dir='ltr'>ex</span> <span class='ocrx_word' id='word_1_354' title='bbox 1622 2402 1812 2456; x_wconf 86' lang='lat' dir='ltr'>proximis</span> <span class='ocrx_word' id='word_1_355' title='bbox 1833 2403 1887 2442; x_wconf 83' lang='lat' dir='ltr'>A·</span> 
     </span>
     <span class='ocr_line' id='line_1_39' title="bbox 436 2456 1889 2515; baseline 0.001 -16"><span class='ocrx_word' id='word_1_356' title='bbox 436 2457 619 2513; x_wconf 78' lang='lat' dir='ltr'>penninis</span> <span class='ocrx_word' id='word_1_357' title='bbox 651 2459 691 2497; x_wconf 85' lang='lat' dir='ltr'>in</span> <span class='ocrx_word' id='word_1_358' title='bbox 713 2460 828 2498; x_wconf 86' lang='lat' dir='ltr'>Mare</span> <span class='ocrx_word' id='word_1_359' title='bbox 849 2456 1109 2501; x_wconf 74' lang='lat' dir='ltr'>descendunt.</span> <span class='ocrx_word' id='word_1_360' title='bbox 1146 2459 1279 2514; x_wconf 79' lang='lat' dir='ltr'>Qiare</span> <span class='ocrx_word' id='word_1_361' title='bbox 1309 2459 1411 2513; x_wconf 86' lang='lat' dir='ltr'>apud</span> <span class='ocrx_word' id='word_1_362' title='bbox 1434 2474 1501 2500; x_wconf 89' lang='lat' dir='ltr'>nos</span> <span class='ocrx_word' id='word_1_363' title='bbox 1530 2471 1708 2515; x_wconf 86' lang='lat' dir='ltr'>tempore</span> <span class='ocrx_word' id='word_1_364' title='bbox 1730 2473 1889 2515; x_wconf 82' lang='lat' dir='ltr'>magna—</span> 
     </span>
    </p>
   </div>
   <div class='ocr_carea' id='block_1_4' title="bbox 479 2532 1828 2629">
    <p class='ocr_par' dir='ltr' id='par_1_4' title="bbox 479 2532 1828 2629">
     <span class='ocr_line' id='line_1_40' title="bbox 1739 2532 1828 2560; baseline 0.011 -1"><span class='ocrx_word' id='word_1_365' title='bbox 1739 2532 1828 2560; x_wconf 72' lang='lat' dir='ltr'>rum</span> 
     </span>
     <span class='ocr_line' id='line_1_41' title="bbox 479 2585 1463 2629; baseline 0.007 -13"><span class='ocrx_word' id='word_1_366' title='bbox 479 2587 538 2624; x_wconf 67' lang='lat' dir='ltr'>(a)</span> <span class='ocrx_word' id='word_1_367' title='bbox 560 2585 727 2616; x_wconf 70' lang='lat' dir='ltr'>Gulielmin.</span> <span class='ocrx_word' id='word_1_368' title='bbox 749 2587 783 2618; x_wconf 75' lang='lat' dir='ltr'>de</span> <span class='ocrx_word' id='word_1_369' title='bbox 797 2587 924 2619; x_wconf 76' lang='lat' dir='ltr'>flmm&#39;n.</span> <span class='ocrx_word' id='word_1_370' title='bbox 940 2590 1044 2619; x_wconf 76' lang='lat' dir='ltr'>Natur-</span> <span class='ocrx_word' id='word_1_371' title='bbox 1065 2587 1138 2629; x_wconf 81' lang='lat' dir='ltr'>Cap.</span> <span class='ocrx_word' id='word_1_372' title='bbox 1149 2588 1238 2620; x_wconf 73' lang='lat' dir='ltr'>VIII.</span> <span class='ocrx_word' id='word_1_373' title='bbox 1259 2589 1463 2629; x_wconf 55' lang='grc' dir='ltr'>(ΞΟΙΟΗᾹῘῙῙ.ι</span> 
     </span>
    </p>
   </div>
  </div>
 </body>
</html>
