1951 3085
329 193 689 253 AESTUS
749 195 1277 253 MARITIMI.
1396 213 1453 265 37

84 306 238 359 inquiet
268 304 295 344 fi
319 305 383 344 Sol
415 305 455 345 vi
487 303 551 345 sua
572 303 831 345 Attraffionis
862 306 990 345 minus
1021 318 1113 361 agat
1144 307 1185 346 in
1216 309 1351 362 Aquas
1371 309 1496 349 Maris
1518 314 1531 360 ,'

85 377 207 417 quum
228 361 427 402 Attraciio
458 363 546 417 lege
573 363 640 403 illa
661 364 894 418 pervulgata
925 364 1220 416 Quadratorum
1241 365 1530 407 Distantiarum

84 422 352 461 contineatur.
430 433 639 475 uapropter
657 421 877 461 inconcussa
898 421 1024 461 adhuc
1044 423 1221 463 manebit
1243 423 1440 463 Attrafflo
1460 426 1529 465 illa

83 478 181 517 Solis
201 479 505 520 NeWtoniana.
536 481 687 518 Verum
708 479 879 519 Instituti
899 479 1015 518 nostri
1048 494 1241 520 memores
1269 481 1367 521 haec
1399 483 1530 521 mitta-

83 549 168 574 mus
188 565 199 585 ,
230 551 329 589 quae
362 537 509 576 altioris
539 536 626 576 sunt
647 536 838 591 indaginis
858 566 870 587 ,
901 550 1021 589 quarn
1042 537 1129 577 heic
1148 539 1285 591 possint
1307 540 1495 593 explicari
1514 568 1525 579 .

83 593 281 633 Postremo
305 594 450 635 adnoto
471 607 625 634 tanturn
640 624 650 644 ,
683 595 786 646 quod
806 594 854 634 ad
875 607 960 633 rem
983 595 1152 635 nostram
1173 597 1368 647 pertinet,
1399 598 1530 637 altitu-

82 650 216 690 dinem
239 652 355 691 nostri
378 653 502 690 Maris
522 653 670 691 Hieme
700 651 800 691 Pede
822 651 1059 690 Ariminensi
1082 653 1237 692 circiter
1267 652 1446 706 superare
1478 654 1530 693 al-

82 709 296 748 titudinem
316 723 415 761 quae
439 710 611 748 cernitur
633 709 814 749 Aestate.
848 710 983 764 Qlare
1004 709 1186 763 Navigia
1208 711 1356 750 Hieme
1376 709 1529 765 semper

84 765 236 805 facilius
267 766 315 805 ad
337 768 498 805 Portum
518 765 690 805 nostrum
722 765 925 820 appellunt
943 795 955 815 ,
988 767 1025 804 8<
1046 781 1097 807 ex
1119 766 1199 820 ipso
1222 766 1375 807 solvunt
1409 783 1530 822 quam

82 823 263 862 Aestate.
287 826 403 863 Mare
425 825 524 864 item
545 823 750 877 sexaginta
771 825 808 862 8(
824 823 993 877 amplius
1012 825 1172 877 pedibus
1192 824 1285 864 dum
1306 838 1435 867 cetera
1456 827 1530 867 fint

82 881 216 934 paria,
239 883 394 935 propius
415 880 468 921 est
489 882 585 920 Vrbi
606 881 756 922 nostrae
777 883 947 931 Hieme,
968 895 1088 935 quam
1109 882 1269 925 Aestate
1285 913 1294 922 .
1316 885 1417 924 Dico
1434 885 1529 925 dum

82 951 214 978 cetera
234 939 307 978 sint
327 940 460 992 paria,
491 953 584 979 nam
605 938 888 980 obiervandum
910 940 1027 980 Mare
1048 940 1101 980 est
1125 940 1280 994 semper
1299 942 1453 995 quando
1475 942 1528 984 est

81 997 341 1049 tranquillum
362 1027 374 1046 ,
406 998 443 1035 8<
462 997 536 1036 hoc
557 1010 734 1050 tempore
758 998 1068 1049 comparationes
1091 997 1346 1037 instituendae
1367 1028 1376 1037 .
1418 1004 1527 1039 Irato

79 1055 187 1093 enim
209 1055 396 1093 &Ventis
418 1053 671 1109 fluffibusque
695 1055 846 1109 agitato
868 1067 1012 1108 magna
1023 1055 1254 1110 plerumque
1275 1056 1528 1111 contingunt,

79 1109 142 1150 sed
163 1113 312 1152 incerta
334 1110 420 1153 sunt
440 1114 598 1155 omnia,

395 1226 1003 1281 PROPOSITIO
1066 1230 1199 1281 VII.

76 1334 464 1386 Intumescentia
485 1339 647 1402 major
669 1337 832 1389 Maris
855 1337 913 1388 ad
938 1336 1122 1389 ostium
1144 1339 1321 1390 Portus
1344 1337 1531 1390 Arimi-

155 1412 206 1462 ni
235 1431 336 1462 non
359 1413 554 1464 excedit
580 1414 990 1487 vigintiquinque
1013 1415 1206 1482 uncias,
1233 1416 1315 1465 seu
1339 1416 1528 1490 digitos

154 1488 513 1540 Ariminenseis
531 1531 544 1555 ,
572 1510 696 1561 quae
718 1492 862 1561 pedes
883 1492 1005 1541 duos
1035 1510 1147 1542 cum
1174 1492 1389 1544 dimidio
1420 1493 1530 1544 Ari-

150 1564 412 1615 minenseis
440 1566 700 1626 efficiunt3
742 1587 895 1640 eaque
925 1588 1039 1619 raro
1063 1569 1318 1644 contingit
1340 1611 1354 1638 ,
1391 1569 1440 1621 in
1471 1570 1527 1619 iis

150 1661 328 1712 nempe
351 1642 718 1695 Lunationibus
738 1645 847 1716 post
866 1645 1114 1712 Solstitia,
1138 1645 1187 1700 Sc
1207 1646 1317 1719 post
1342 1646 1528 1719 Aequi-

148 1716 322 1770 nofifia
347 1757 359 1768 .
401 1720 646 1772 Ceterum
671 1722 908 1772 Altitudo
934 1725 1220 1774 communis
1242 1765 1255 1790 ,
1298 1723 1348 1777 ὅ(
1390 1725 1529 1774 velut

149 1794 325 1846 Media
348 1835 361 1860 ,
392 1813 613 1867 quaeque
639 1800 800 1858 major
822 1798 890 1846 est
919 1799 1066 1846 tertia
1090 1817 1282 1869 quaque
1311 1800 1387 1849 die
1415 1798 1527 1869 post

148 1871 436 1923 Novilunia
458 1912 471 1936 ,
513 1870 563 1924 δε
588 1870 697 1941 post
721 1871 1022 1937 Plenilunia,
1055 1873 1343 1945 quindecim
1369 1875 1527 1926 unciis

148 1946 547 2000 Ariminensibus
574 1946 631 1998 ad
657 1946 911 1999 summum
932 1950 1247 2003 continetur.

456 2059 1013 2097 SCHOLIVM
1084 2061 1116 2098 I.

203 2148 274 2187 Eic
298 2147 492 2186 memoria
514 2146 686 2187 recolere
709 2147 841 2198 juvat,
865 2161 964 2201 quae
985 2150 1024 2188 in
1037 2149 1190 2189 Scholio
1211 2148 1416 2205 superioris
1436 2152 1524 2189 Pro-

231 2205 451 2259 positioniS,
473 2206 510 2244 8<
525 2205 620 2244 alibi
643 2204 838 2255 diximus,
861 2208 978 2245 Mare
1000 2205 1143 2245 scilicet
1165 2207 1308 2260 duplici
1331 2208 1444 2246 modo
1465 2222 1522 2247 ac-

72 2263 150 2316 cipi
170 2275 350 2316 oportere
366 2292 378 2313 ,
408 2263 472 2303 vel
495 2275 701 2316 tamquam
723 2265 839 2303 Mare
863 2264 1017 2317 proprie
1040 2262 1185 2302 dicium
1200 2294 1210 2314 ,
1231 2266 1295 2304 vel
1316 2277 1523 2318 tamquam

72 2333 263 2374 magnum
287 2320 503 2361 Fluentum
522 2350 531 2359 .
564 2322 696 2376 Qum
719 2322 840 2375 igitur
860 2321 1054 2375 praesenti
1076 2321 1336 2374 Propositione
1358 2323 1521 2362 dicimus

74 2377 426 2418 Intumescentiam
455 2379 581 2418 Maris
602 2378 717 2418 nostri
749 2380 1067 2433 vigintiquinque
1089 2379 1218 2419 uncias
1239 2379 1521 2422 Ariminenseis

73 2449 153 2475 non
179 2435 389 2487 excedere,
420 2436 458 2476 id
482 2434 631 2475 dicium
658 2437 840 2477 volumus
871 2437 896 2476 si
921 2437 1257 2491 comparationem
1277 2438 1522 2478 instituamus

75 2494 181 2537 inter
204 2493 547 2537 intumescentiam
567 2495 775 2549 Aquarum
796 2525 808 2549 ,
838 2509 938 2551 quae
960 2496 1155 2549 contingit
1185 2497 1285 2538 circa
1306 2496 1525 2592 Solstsigiiim

1045 2554 1089 2593 H
1335 2554 1394 2594 Ae
1429 2553 1458 2591 i-
