1951 3085
319 208 680 267 AESTUS
739 209 1268 267 MARITIMI.
1374 212 1441 277 ’σς

80 319 233 362 nullum
253 317 457 360 definitum
478 330 630 374 tempus
651 317 830 372 surgendi
850 318 994 360 habere
1015 319 1224 360 videantur
1242 350 1254 372 ,
1285 331 1418 361 tamen
1441 321 1518 375 ple-

78 392 244 431 rumque
266 376 368 432 apud
390 391 457 416 nos
476 379 593 418 Mare
618 377 660 416 fit
680 374 868 416 fluetuans
894 378 930 416 8(
951 378 1205 431 procellosum
1228 381 1350 433 magis
1371 393 1520 433 tempo-

76 450 119 476 re
141 437 309 486 Fluxus,
340 449 458 489 quam
489 447 666 489 tempore
696 436 886 475 Refluxus
906 465 917 487 ‚
949 437 1170 489 quinimmo
1202 438 1242 477 in
1263 438 1392 476 Fluxu
1424 436 1521 476 sem-

80 506 174 546 per,
204 495 327 533 etiam
358 494 400 533 in
430 507 575 547 magna
608 493 895 546 tranquillitate
926 494 1145 546 paullulum
1176 493 1338 535 flu<9tuat
1371 497 1485 536 Mare
1507 524 1519 534 .

77 552 277 603 Tempore
310 565 405 592 vero
435 553 625 591 Refluxus
646 552 820 591 Malacia
852 550 1045 604 quaedam
1066 550 1234 592 succedit
1254 581 1265 602 ,
1297 552 1360 592 vel
1381 551 1520 593 saltem

78 609 209 662 aliqua
229 621 381 659 motus,
411 607 475 649 seu
496 607 756 649 fluctuationis
775 609 1004 647 imminutio
1024 638 1033 647 .
1067 611 1200 662 Quare
1232 609 1392 648 Aestate
1424 610 1523 649 sum-

77 680 145 706 mo
176 680 292 708 mane
325 665 426 720 apud
445 680 512 705 nos
543 665 695 719 semper
714 668 830 705 Mare
852 665 905 705 est
925 666 1215 718 tranquillum3
1247 667 1396 706 Hieme
1428 680 1521 707 vero

77 724 294 764 Occidente
316 724 424 774 Sole,
445 724 490 761 iis
511 721 655 762 scilicet
676 723 940 776 temporibus,
962 724 1099 776 quibus
1119 723 1311 762 Refluxus
1333 723 1434 777 apud
1454 737 1522 763 nos

78 780 164 820 sunt
188 781 422 822 constanteS.
455 780 685 821 Dummodo
705 793 842 822 tamen
862 782 985 821 Venti
1005 781 1170 821 violenti
1200 795 1277 820 non
1308 780 1484 821 saeviant
1511 810 1521 821 .

79 841 212 894 Qiare
236 853 356 893 quum
378 839 418 878 in
439 839 708 892 Superioribus
728 837 876 879 dietum
898 839 943 879 fit
965 837 1101 879 Aestus
1120 838 1285 891 majores
1306 838 1390 879 fieri
1412 842 1525 879 Luna

77 910 179 937 nova
201 897 392 951 plenaque
416 926 428 947 ,
459 908 551 936 tunc
572 899 695 937 etiam
726 897 891 949 majores
923 895 1192 937 flucfftuationes
1222 898 1263 936 in
1284 899 1401 937 Mare
1435 910 1524 936 con-

77 955 260 1009 tingunt,
290 955 328 993 8(
348 955 468 995 Venti
490 955 654 1008 majores
674 956 715 993 in
735 956 865 1006 Aere,
896 956 964 1009 qui
986 969 1109 1008 quum
1129 955 1329 994 interdum
1363 955 1428 994 diu
1459 954 1528 994 du-

77 1024 164 1052 rent
185 1010 503 1053 FlucS‘tuationem
526 1015 648 1052 etiam
670 1025 845 1065 tempore
867 1015 1060 1052 Refluxus
1080 1013 1121 1051 in
1132 1014 1249 1050 Mare
1272 1011 1524 1050 conservant.

77 1070 226 1110 Fateor
244 1082 380 1111 tamen
402 1070 565 1122 majores
586 1073 736 1109 Ventos
756 1098 768 1119 ,
799 1070 1040 1122 majoresque
1072 1068 1198 1107 Maris
1229 1067 1526 1109 Fluffluationes

75 1127 178 1181 apud
200 1141 267 1166 nos
289 1129 517 1180 contingere
549 1128 681 1181 paullo
712 1138 803 1166 ante
835 1127 1057 1166 Novilunia
1078 1155 1089 1176 ,
1120 1126 1157 1164 8(
1177 1126 1397 1167 Plenilunia
1418 1156 1430 1177 ,
1463 1126 1526 1167 vel

76 1183 158 1238 ipso
187 1184 400 1223 Novilunii
432 1185 469 1221 8(
502 1184 711 1222 Plenilunii
731 1184 816 1234 die,
847 1199 967 1238 quam
997 1183 1080 1238 post
1099 1184 1366 1224 Novilunium
1388 1186 1423 1223 8(
1444 1184 1526 1225 Ple-

77 1242 277 1282 nilunium
291 1270 302 1291 ,
336 1241 455 1281 tertia
477 1239 621 1282 scilicet
643 1242 711 1281 illa
731 1241 793 1281 die
806 1271 817 1291 ,
833 1257 909 1295 qua
929 1243 1093 1295 majores
1114 1241 1251 1283 Aestus
1270 1244 1524 1296 contingunt.

75 1301 193 1339 Tunc
216 1299 325 1341 enim
346 1299 437 1339 licet
460 1297 611 1353 semper
631 1300 756 1355 magis
776 1299 920 1341 aestuet
941 1330 953 1350 ,
984 1300 1048 1339 leu
1071 1301 1196 1354 magis
1224 1299 1457 1340 intumescat
1489 1301 1526 1338 &

78 1355 324 1397 detumescat
350 1358 466 1397 Mare
481 1386 493 1407 ‚
524 1370 659 1397 tamen
681 1371 758 1396 non
779 1370 935 1397 tantum
956 1359 1095 1396 Ventis
1116 1359 1150 1396 8<
1173 1356 1371 1397 Fluffibus
1391 1372 1527 1397 concu-

77 1416 175 1455 titur
196 1445 208 1466 ,
241 1426 433 1468 quantum
463 1428 582 1465 ante,
612 1416 649 1453 8(
682 1414 761 1467 ipso
791 1413 1125 1466 Conjunclionum
1158 1416 1233 1454 Die
1254 1444 1263 1453 .
1307 1414 1527 1455 Observavi

77 1485 284 1528 praeterea
298 1475 574 1512 Barometrum
595 1470 822 1511 instantibus
833 1470 1184 1524 Conjunfflionibus
1206 1471 1356 1526 semper
1376 1472 1423 1512 ad
1437 1473 1528 1512 treis

80 1530 147 1572 vel
169 1543 338 1583 quatuor
357 1531 479 1569 lineas
500 1530 692 1583 deprimi.
726 1528 886 1568 Exaffls
908 1544 1002 1570 vero
1023 1528 1371 1582 Conjunfflombus
1391 1530 1527 1571 senfim

78 1589 120 1629 in
136 1587 340 1642 pristinum
362 1587 487 1627 redire
510 1617 520 1626 .
554 1586 676 1641 quue
699 1586 780 1627 fere
802 1600 989 1641 perpetuo
1011 1588 1094 1628 fieri
1115 1588 1218 1641 apud
1239 1602 1305 1627 nos
1327 1603 1396 1642 per
1418 1589 1528 1642 quin-

83 1647 298 1702 quennium
319 1644 549 1695 observavi,
580 1657 622 1684 ut
643 1646 714 1684 vix
738 1657 815 1687 tres
846 1647 910 1686 vel
932 1659 1099 1700 quatuor
1119 1645 1424 1698 Conjunfflones
1454 1647 1527 1685 hoc

78 1716 256 1757 tem-pore
279 1704 327 1742 ab
348 1704 421 1742 hac
443 1703 579 1757 regula
601 1703 871 1743 aberraverint
892 1733 901 1742 .
936 1704 980 1743 Id
1013 1718 1062 1743 an
1090 1705 1249 1744 eveniat
1282 1717 1373 1744 tunc
1395 1706 1529 1743 Attra-

80 1760 210 1801 &ione
233 1760 405 1814 quadarn
424 1763 558 1799 Lunae
580 1761 615 1797 8(
636 1762 734 1799 Solis
765 1762 831 1812 qui
853 1760 998 1800 sursum
1021 1764 1167 1801 Aerem
1190 1763 1330 1801 tollant
1351 1792 1363 1811 ,
1394 1773 1436 1800 ut
1458 1761 1530 1799 mi-

78 1834 150 1860 nus
172 1819 302 1873 gravis
324 1818 414 1868 fiat,
444 1818 482 1856 8(
504 1816 779 1870 aequilibrium
800 1816 902 1868 apud
923 1830 990 1858 nos
1015 1818 1198 1867 tollatur,
1219 1832 1338 1871 quare
1362 1818 1529 1869 majores

79 1877 201 1918 Venti
234 1890 284 1915 ex
308 1875 409 1914 Polis
441 1874 489 1914 ad
520 1888 588 1913 nos
618 1874 742 1914 veluti
767 1876 965 1914 confluant
984 1904 995 1925 ,
1027 1876 1063 1913 8(
1086 1877 1259 1926 irruant,
1292 1875 1328 1914 id
1359 1875 1530 1915 viderint

81 1934 285 1976 Nevvtoni
308 1931 499 1987 Discipuli
521 1962 530 1971 .
564 1931 754 1971 Nostrum
777 1931 863 1972 heic
884 1946 962 1971 non
983 1931 1036 1972 est
1058 1934 1255 1972 variorum
1276 1932 1530 1985 systematum

81 1990 324 2045 conjefiuras
344 1991 541 2044 explicare
565 2019 577 2039 ,
607 1988 669 2029 sed
690 1990 927 2042 potissimum
949 2003 1092 2031 eventa
1124 1992 1250 2030 Maris
1270 1991 1387 2030 nostri
1414 1990 1530 2031 refer-

82 2066 147 2092 re.
182 2049 297 2090 Addo
330 2060 485 2088 tantum
516 2048 557 2086 in
578 2046 651 2087 fine
674 2048 711 2086 8(
733 2048 827 2088 alios
846 2047 1063 2088 observasse
1088 2062 1196 2088 mare
1220 2050 1260 2088 in
1281 2051 1473 2098 Refluxu,
1493 2049 1531 2088 8(

87 2122 203 2148 mane
235 2107 361 2161 magis
391 2105 649 2159 tranquillum
670 2105 744 2146 esse
777 2120 896 2159 quam
918 2108 1020 2145 circa
1042 2106 1258 2146 Meridiem
1289 2108 1325 2145 &
1357 2106 1530 2146 mediam

83 2164 285 2215 Notiem,
317 2164 353 2203 8(
370 2163 598 2203 Aristoteles
619 2176 823 2217 praeterea
845 2163 936 2204 teste
958 2164 1083 2204 Plinio
1104 2162 1177 2217 (a)
1211 2165 1423 2204 memoriae
1446 2162 1531 2216 pro-

87 2224 185 2264 didit
205 2223 356 2263 nullum
378 2222 541 2261 Animal
561 2221 629 2260 nisi
653 2221 772 2263 Aestu
792 2222 996 2262 recedente
1020 2220 1215 2275 exspirare
1238 2251 1249 2271 ‚
1281 2220 1381 2274 quod
1404 2236 1425 2261 a
1449 2223 1531 2260 Me-

89 2282 181 2323 dicis
214 2278 563 2320 Observationibus
594 2280 828 2333 quotidianis
859 2280 1114 2319 confirmatur
1134 2309 1145 2330 ,
1185 2278 1321 2332 quibus
1353 2278 1531 2318 videmus

90 2343 242 2395 Aegros
272 2337 372 2392 apud
396 2352 463 2377 nos
494 2338 730 2392 potissimum
754 2339 918 2379 Oriente
940 2339 1005 2378 vel
1026 2337 1204 2377 Cadente
1227 2337 1312 2376 Sole
1346 2336 1530 2387 interire,

92 2397 330 2452 temporibus
351 2394 521 2446 scilicet,
552 2396 687 2450 quibus
709 2395 844 2436 Aestus
864 2395 1008 2436 recedit
1023 2426 1032 2435 .
1067 2397 1168 2435 Heic
1190 2394 1455 2449 quaerendum
1476 2393 1526 2434 es-

97 2455 153 2498 set
184 2468 251 2495 cur
270 2455 342 2495 hoc
362 2455 587 2509 contingat,
618 2468 739 2509 quum
759 2457 876 2498 Mare
907 2455 944 2495 8(
964 2456 1047 2497 Aer
1077 2465 1168 2494 tune
1189 2454 1262 2494 sint
1282 2453 1408 2508 magis
1428 2450 1529 2492 seda-

1121 2513 1141 2551 Ι
1379 2522 1420 2551 ta
1438 2509 1476 2548 8(

105 2604 108 2606 -
134 2581 189 2619 (a)
216 2578 295 2610 Plin.
316 2579 388 2619 Hzst.
408 2579 480 2609 Nat.
501 2578 550 2609 lib.
562 2587 586 2608 2.
607 2578 722 2618 cap.980
