1951 3085
446 221 503 273 18
735 216 1474 278 DECONCHIS

374 343 436 371 te'r
454 329 493 370 se
512 328 690 383 differre,
721 330 789 372 nisi
810 328 913 384 quod
933 330 972 369 in
993 329 1108 384 lignis
1128 340 1291 385 propter
1310 327 1612 368 diuturnitatem
1626 330 1817 384 temporis

374 388 596 427 Canaliculi
627 389 700 429 sint
721 389 930 442 ampliores
959 387 1230 444 craffioresque
1263 398 1305 427 ut
1336 387 1482 443 integri
1503 386 1621 428 avelli
1642 400 1789 445 queant
1797 401 1814 442 3

371 445 475 500 quod
494 447 534 485 in
555 446 795 485 Canaliculis
815 447 1051 485 Brumarum
1072 446 1159 487 ,fieri
1180 446 1339 499 nequit.

431 506 506 543 ΙΙΙ.
539 506 587 542 In
604 504 760 544 Littore
784 506 938 544 Veneto
969 503 1074 542 foliis
1096 503 1226 557 Algae
1250 504 1427 543 marinae
1449 504 1576 557 reperi
1596 503 1822 544 confertim-

372 574 456 601 mos
476 561 751 603 adhaerescere
773 591 785 613 ,
814 561 924 602 velut
942 559 1229 609 ,adhaerescunt
1249 560 1402 600 Lendes
1430 562 1598 615 Capillis
1618 562 1823 602 Vermicu-

372 619 429 659 los
449 620 716 674 complanatos
737 621 921 660 minimos
943 649 955 669 ,
987 619 1054 672 qui
1085 618 1196 671 hujus
1227 617 1343 658 nostri
1365 616 1451 658 sunt
1472 617 1614 672 species
1630 648 1643 670 ,
1673 619 1737 661 sed
1768 633 1832 673 te-.V

371 676 546 730 nujores,
576 679 613 717 &
633 679 797 718 Cornua
817 677 1056 719 Hammonis
1083 690 1165 730 quo
1182 675 1235 721 ad
1255 687 1461 717 externam
1482 677 1625 717 faciem
1646 677 1821 731 perbelle

370 735 566 776 referunt.
589 737 720 776 Heinc
740 748 852 791 patet
871 749 940 776 cur
960 737 1099 776 Naves
1123 736 1159 774 8<
1179 736 1307 788 Ligna
1321 733 1565 774 Teredinem
1585 736 1823 776 contrahant

369 793 410 832 in
431 794 541 847 aquis
560 793 660 839 salfis
681 824 692 844 ,
724 808 845 849 quum
875 795 917 834 hi
949 793 1168 834 Vermiculi
1200 792 1325 832 Maris
1354 792 1430 836 ,fint
1462 793 1612 833 incolae
1633 821 1645 843 ,
1676 793 1713 831 8<
1743 806 1821 832 non

369 848 561 905 aquarum
583 851 779 903 dulcium,
801 852 904 906 quod
925 852 1028 892 clare
1048 863 1159 906 patet
1181 852 1305 892 etiam
1325 864 1375 891 ex
1388 850 1503 903 lignis
1525 850 1657 889 infixis
1676 851 1717 889 in
1737 864 1820 890 rno-

368 908 405 949 le
426 908 542 949 nostri
563 911 699 950 Portus
719 939 731 962 ‚
762 924 856 950 nam
885 924 984 964 quae
1015 907 1065 950 ad
1086 923 1195 950 rnare
1217 907 1372 953 confixa
1396 906 1506 959 sunt,
1536 907 1573 948 8<
1594 921 1696 962 aqua
1723 921 1820 961 pura

368 967 521 1007 marina
543 968 776 1019 abluuntur,
806 969 877 1009 vix
899 968 947 1008 ad
968 967 1132 1008 tertium
1154 980 1301 1007 annum
1322 965 1465 1007 durant
1476 979 1489 1018 3
1522 979 1623 1019 quae
1646 979 1738 1006 vero
1771 965 1820 1007 ad

367 1025 471 1078 ripas
491 1027 627 1065 Portus
648 1026 771 1080 posita
793 1024 902 1077 sunt,
923 1028 959 1065 8<
980 1041 1002 1066 a
1024 1026 1185 1066 flumine
1206 1026 1446 1079 irrigantur,
1468 1024 1560 1065 licet
1577 1025 1719 1079 Aquae
1739 1022 1820 1065 sub-

367 1081 497 1124 dulces
517 1082 614 1135 sint,
645 1097 862 1138 numquam
883 1098 906 1124 a
927 1083 1126 1125 Teredine
1150 1082 1425 1124 absumuntur.

777 1262 1203 1318 CAPVT
1294 1260 1400 1311 XI.

362 1369 700 1410 OPERCVLVM
728 1379 988 1410 MINIMVM
1022 1371 1287 1410 LITTORIS
1314 1371 1687 1409 ARIMINENSIS
1727 1380 1813 1411 Dv-

421 1436 690 1467 RISSIMVM
730 1436 1073 1478 DEPRESSVM,
1104 1428 1295 1467 CoRNv
1331 1428 1635 1468 HAMMON1s
1684 1438 1810 1474 Qvo-

421 1494 694 1525 DAMMODO
732 1494 1037 1532 REFERENS,

590 1673 641 1699 nu
653 1659 891 1700 Hammonis
914 1658 1089 1698 affinibus
1110 1657 1332 1699 sermonem
1353 1658 1646 1712 primoingreffi
1659 1658 1811 1712 sumus,

589 1717 737 1758 referre
769 1718 856 1758 heic
875 1717 972 1757 libet
1004 1716 1077 1756 hoc
1109 1716 1212 1771 quod
1241 1717 1346 1757 inter
1368 1717 1597 1770 quisquilias
1621 1732 1651 1758 ‘a
1681 1717 1810 1758 nostro

357 1775 459 1814 mari
490 1774 652 1830 rejefias
672 1775 854 1828 frequens
878 1775 1095 1828 reperitur,
1126 1775 1164 1813 8<
1185 1776 1318 1815 variae
1341 1774 1454 1813 molis
1474 1775 1648 1814 cernitur
1670 1803 1682 1824 ,
1715 1776 1809 1829 quia

355 1833 475 1871 variis
495 1831 677 1872 Cochleis
698 1832 1018 1883 Turbinibusque
1039 1832 1288 1883 operimento
1319 1830 1373 1870 est
1395 1860 1406 1880 ‚
1437 1831 1618 1887 quodque
1652 1831 1810 1886 insuper

353 1888 449 1929 adeo
469 1888 764 1943 complanatum
785 1886 838 1929 est
858 1888 894 1926 8<
914 1886 1169 1926 convolutum
1182 1915 1194 1936 ,
1214 1898 1256 1925 ut
1268 1888 1506 1927 Hammonis
1519 1889 1656 1927 Cornu
1679 1890 1807 1942 quoad

353 1958 562 1987 externam
582 1945 726 1985 faciem
746 1944 892 1985 referat
912 1973 921 1983 .
954 1945 1068 1983 Haec
1089 1944 1224 1984 omnia
1258 1945 1296 1982 in
1320 1944 1443 1997 figura
1464 1945 1591 1998 prima
1623 1947 1804 1989 Tabulae

353 2006 427 2044 111.
462 2003 527 2043 sub
546 2004 709 2043 Litteris
729 2004 780 2048 A.
802 2005 843 2043 B.
866 2004 915 2042 C.
948 2015 1105 2042 cernere
1126 2001 1219 2041 licet
1239 2032 1247 2041 .
1286 2002 1385 2042 Dixi
1419 2003 1617 2056 Opercula
1639 2003 1707 2046 ista
1739 2020 1805 2047 va—

353 2063 419 2101 riis
440 2062 622 2102 Cochleis
654 2062 689 2100 8<
714 2060 957 2107 Turbinibus
976 2060 1224 2113 operimento
1245 2060 1317 2100 effe
1339 2090 1350 2110 ,
1382 2060 1484 2115 quod
1506 2060 1803 2103 observaverim

353 2120 546 2161 Cochleas
567 2120 718 2170 varias,
739 2120 945 2173 variosque
966 2119 1185 2168 Turbines,
1218 2117 1278 2158 sed
1300 2132 1389 2158 cum
1411 2120 1546 2172 primis
1569 2121 1803 2174 Neriruhzs,

351 2179 388 2216 &
409 2178 606 2217 Turbines
626 2178 821 2232 virgatos‚
854 2189 895 2216 ut
916 2176 1076 2216 infernis
1097 2176 1294 2226 dicemus,
1325 2177 1398 2217 hoc
1418 2178 1601 2235 operculo
1624 2180 1801 2221 cochlea-

349 2247 391 2275 to
424 2235 656 2290 striatoque,
686 2237 779 2276 licet
801 2236 967 2275 minimo
990 2234 1149 2275 donari.

408 2295 460 2333 ΙΙ.
493 2295 699 2347 Superiora
732 2293 932 2348 Opercula
964 2293 1203 2333 induxerunt
1228 2307 1290 2334 me
1322 2306 1364 2334 ut
1397 2293 1525 2345 aliud,
1556 2307 1598 2335 ut
1629 2298 1801 2351 opinor,

348 2351 578 2404 operculum
609 2352 696 2392 heic
728 2351 938 2400 adjicerem
958 2382 971 2403 ,
1002 2351 1103 2405 quod
1138 2353 1241 2390 inter
1263 2351 1407 2392 nostras
1428 2354 1598 2393 marinas
1631 2356 1798 2411 quisqui-

352 2408 421 2448 lias
452 2409 651 2449 interdum
671 2412 864 2464 reperitur
882 2442 894 2461 ,
926 2411 1213 2464 minimumque
1236 2411 1270 2448 8<
1295 2424 1509 2450 concavum
1528 2412 1775 2466 aliquantum
1789 2444 1800 2466 ,

351 2464 410 2506 sed
433 2481 507 2507 non
529 2467 787 2509 cochleatum
801 2501 813 2519 ,
834 2482 875 2510 ut
896 2470 936 2507 in
958 2468 1079 2523 figura
1093 2471 1143 2509 II.
1168 2471 1356 2508 T'a¹>.111.
1380 2473 1446 2509 iub
1466 2470 1609 2510 litteris
1621 2473 1668 2511 E.
1682 2473 1734 2512 D.
1748 2475 1797 2513 C.

350 2523 484 2575 yidere
512 2524 565 2567 est
584 2555 597 2577 >
627 2540 794 2581 quarum
824 2528 955 2570 media
986 2527 1150 2569 Testam
1180 2529 1222 2568 in
1254 2528 1352 2569 statu
1383 2530 1555 2570 naturali
1576 2543 1589 2583 ‚·
1623 2531 1797 2584 reliquae

1625 2601 1737 2629 vitris

358 1601 391 1647 1.
415 1601 733 1765 QVoniam
754 1600 801 1647 de
813 1600 1008 1646 Cornibus
1019 1600 1282 1652 Hammonis,
1313 1599 1378 1641 vel
1400 1599 1446 1641 de
1458 1600 1699 1654 Corporibus
1712 1602 1811 1642 Cor-

1879 391 1888 408 2
