1951 3085
462 222 834 281 Mths
917 222 1299 282 N0T1s;
1480 229 1519 292 9

145 332 484 391 quemadmodum
513 334 551 373 8<
570 346 657 375 rota
685 335 941 390 cognovimus
960 349 1028 376 nos
1059 350 1194 377 eorum
1214 338 1413 379 internam
1437 335 1593 378 strudtn-

148 406 257 433 ram.
291 392 337 432 Id
359 394 465 434 enim
485 391 717 434 discriminis
738 394 944 436 intercedit
962 424 974 446 ,
1004 405 1048 435 ut
1067 395 1270 449 peritiores
1292 395 1500 436 Naturalis
1520 397 1594 435 Hi-

145 449 285 490 storiae
305 452 520 515 Scriptores
551 464 694 492 norunt
715 466 873 503 omneS,
902 454 1007 493 inter
1028 452 1222 493 Cochleas
1242 453 1432 507 depressas
1453 481 1465 503 ,
1497 465 1592 506 quas

142 508 269 562 aliqui
301 509 503 553 immerito
535 511 744 550 Cornuum
766 509 1005 549 Hammonis
1035 510 1195 549 nomine
1226 510 1396 561 donant,
1427 511 1463 549 8<
1494 523 1594 550 vera

142 567 306 607 Cornua
328 569 567 607 Hammonis
589 598 601 619 ,
632 567 735 629 quod
766 567 864 605 haec
896 562 1134 605 extrinsecus
1165 564 1322 606 disseffla
1352 578 1594 620 appareant,

139 624 179 662 8(
200 624 326 676 intus,
357 626 461 678 quod
482 638 597 677 caput
617 625 759 673 est,1n
780 623 908 662 varias
930 622 1107 662 Cellulas
1138 621 1203 662 seu
1223 623 1486 665 loculamenta
1517 625 1593 665 sint

142 680 290 722 divisa.
324 683 521 720 Cochleae
544 694 638 720 vero
660 681 834 721 exterius
867 680 1098 734 plerumque
1129 680 1283 732 laeves,
1313 682 1350 722 ὃ(
1372 682 1475 723 intus
1496 681 1593 723 sem-

140 751 212 790 per
243 737 401 776 unicam
434 737 619 791 spiralem
650 740 868 778 Cameram
899 737 1101 779 ostendant
1132 752 1350 793 numquam
1380 741 1421 780 in
1450 740 1595 794 plureis

140 794 316 834 Cellulas
338 793 655 847 disti11&a111,11t
678 797 718 836 in
738 797 842 836 veris
864 797 1059 838 Cornibus
1080 798 1342 849 Hammonis,
1361 798 1430 837 &
1419 812 1460 837 in
1483 799 1597 838 Nau-

139 851 222 893 tilis
242 852 383 892 Indicis
407 855 599 894 cernitur.
634 857 723 894 Hoc
744 855 878 894 Cornu
901 869 1020 910 genus
1041 856 1182 896 vocavi
1204 866 1409 910 praeterea
1429 856 1594 896 Littoris

129 911 401 951 ..Ariminenfis
421 912 730 966 vulgatissimum
744 942 755 963 ‚
776 913 878 966 quod
898 914 1052 953 uberius
1073 914 1114 952 in
1135 914 1363 955 Sedimento
1385 913 1512 953 nostro
1535 927 1593 955 re-

141 970 316 1023 periatur
336 999 347 1020 ,
378 970 413 1008 8<
435 970 544 1022 hujus
563 971 737 1023 primum
758 985 807 1010 ex
830 971 1009 1011 Marfilio
1042 983 1250 1024 tamquam
1270 971 1318 1010 de
1340 986 1435 1011 vero
1454 973 1593 1011 Cornu

142 1029 185 1066 H
190 1040 382 1066 immonis
420 1028 659 1067 Ariminensi
700 1028 741 1066 in
773 1028 1069 1081 elegantissimis
1100 1029 1412 1069 Commentariis
1445 1028 1593 1069 Acade-

141 1085 245 1125 miae
268 1085 438 1124 Instituti
459 1085 705 1126 Bononiensis
727 1086 956 1126 meminerit
981 1086 1180 1127 Beccarius
1202 1084 1300 1140 (a).
1334 1078 1593 1143 Quamquam

145 1153 187 1181 ut
219 1155 356 1182 verum
387 1143 514 1183 fatear
533 1143 606 1182 hoc
626 1143 861 1184 Testaceum
895 1145 1018 1184 etiam
1049 1146 1090 1184 in
1116 1144 1353 1185 Sedimentis
1376 1145 1593 1185 multorum

140 1200 342 1239 Littorum
366 1199 482 1240 nostri
504 1202 631 1240 Maris
652 1201 971 1253 observaverim,
989 1202 1081 1243 licet
1102 1216 1268 1242 numero
1288 1201 1498 1242 admodum
1521 1203 1592 1241 mi-

140 1259 249 1307 nori,
270 1270 312 1296 ut
332 1271 455 1311 nuper
475 1259 514 1297 in
536 1258 751 1299 sedimento
762 1261 926 1300 Littoris
937 1261 1103 1300 Veneti³
1129 1262 1186 1298 At
1208 1261 1248 1297 in
1269 1259 1482 1299 sedimento
1504 1261 1592 1300 Ma-

139 1315 192 1353 ris
212 1315 350 1364 inferi,
382 1327 426 1354 ut
445 1316 485 1354 in
506 1316 861 1365 Centumcellano,
891 1317 928 1353 8<
959 1317 1000 1354 in
1025 1316 1255 1355 Liburnenfi
1288 1316 1379 1367 illo,
1410 1330 1458 1356 ne
1480 1316 1591 1357 vesti-

139 1372 248 1425 gium
270 1371 430 1425 quidem
455 1373 567 1412 ullius
587 1375 725 1412 Cornu
744 1374 983 1413 Hammonis
1004 1373 1085 1413 vidi
1109 1402 1118 1411 .
1153 1375 1287 1428 Qare
1319 1387 1442 1426 quum
1473 1386 1586 1415 tanta

140 1429 318 1469 ubertate
339 1429 483 1483 prostet
511 1431 552 1469 in
573 1431 726 1472 Littore
748 1429 873 1469 nostro
893 1459 905 1480 ,
935 1431 972 1469 8<
1002 1431 1176 1483 primum
1207 1432 1294 1472 heic
1325 1429 1524 1472 deteE'tum
1544 1432 1590 1472 fit

138 1486 212 1526 hoc
234 1487 463 1528 admirabile
483 1487 625 1529 Testae
647 1502 791 1543 genus,
812 1487 916 1542 quod
936 1489 1173 1542 peritiorum
1196 1488 1392 1530 Historiae
1404 1490 1589 1530 Naturae

139 1545 384 1599 Scriptorum
405 1544 639 1591 sententiam
660 1547 891 1596 confirmat,
922 1548 991 1600 qui
1012 1546 1232 1588 constanter
1253 1547 1470 1588 asserebant
1492 1549 1589 1587 Cor-

138 1615 215 1642 nua
236 1605 475 1643 Hammonis
495 1603 632 1644 foffilia
664 1604 711 1644 ad
734 1605 892 1644 Marina
914 1604 1102 1646 Testacea
1125 1634 1137 1655 ‚
1167 1606 1203 1644 8<
1225 1619 1303 1645 non
1323 1606 1364 1644 in
1385 1603 1484 1644 lusus
1506 1606 1590 1645 Na-

137 1672 253 1701 turae
284 1661 358 1701 esse
390 1661 618 1713 reserenda,
648 1676 726 1702 non
746 1662 948 1703 immerito
970 1666 1103 1703 Cornu
1116 1665 1344 1703 Hunmonis
1364 1664 1563 1703 Arimine
1552 1680 1591 1703 2—

136 1718 173 1774 [e
187 1720 378 1773 primum,
404 1718 452 1758 O*
471 1718 786 1774 vulgatiffimum
807 1720 1117 1774 appellavimus.
1150 1723 1331 1762 Externa
1352 1720 1512 1775 quidem
1535 1720 1588 1760 fa-

137 1775 215 1815 cies
234 1775 346 1823 hujus
367 1775 511 1815 Testae
541 1788 592 1815 ex
625 1777 750 1828 figura
779 1778 958 1816 omnibus
978 1790 1119 1830 patet.
1152 1781 1357 1819 Internam
1378 1792 1473 1818 vero
1495 1778 1588 1832 figu-

137 1845 227 1872 ram
248 1832 320 1871 effe
342 1831 588 1871 Cellularem
610 1860 621 1880 ,
652 1832 691 1869 in
725 1841 784 1869 tot
814 1830 959 1871 scilicet
979 1833 1154 1872 Cellulas
1176 1862 1188 1883 ,
1219 1833 1283 1873 seu
1303 1835 1589 1875 Loculamenta

136 1887 304 1929 divisam
336 1900 432 1942 quot
452 1886 540 1927 sunt
561 1886 859 1928 Interseffiones
881 1887 974 1928 illae
996 1900 1210 1940 externae,
1242 1891 1359 1944 plana
1381 1892 1586 1933 attritione

136 1946 249 2001 super
270 1947 416 1986 Cotem
438 1976 450 1996 ,
481 1946 584 2010 quod
604 1946 731 1986 Rotae
753 1958 872 2000 genus
892 1944 945 1986 est
963 1975 976 1997 ‚
1006 1948 1198 2001 cognovi,
1230 1960 1272 1988 ut
1292 1949 1457 1989 minime
1479 1950 1587 1989 dubi—

135 2004 300 2045 tandum
323 2004 392 2055 fit,
423 2005 518 2068 quin
540 2017 633 2046 vera
654 2004 815 2043 Cornua
837 2005 1078 2044 Hammonis
1098 2005 1302 2057 dicantur,
1334 2007 1587 2060 quemadmo—

135 2062 231 2102 dum
259 2062 333 2102 hoc
364 2062 523 2101 nomine
553 2061 780 2102 donabimus
811 2061 963 2115 reliqua
993 2064 1172 2116 Corpora
1202 2065 1359 2115 omnia,
1392 2079 1492 2119 quae
1515 2066 1586 2106 tili

88 2132 92 2136 ’
134 2118 248 2173 padio
279 2118 507 2159 intrinsecus
528 2148 540 2169 ,
572 2120 609 2158 8<
640 2118 878 2160 extrinsecus
909 2119 1155 2161 conformata
1186 2121 1259 2163 esse
1292 2124 1551 2176 cognovimus
1575 2153 1587 2173 ,

134 2190 236 2231 quae
256 2176 504 2231 sequentibus
519 2177 727 2231 Capitibus
750 2175 1029 2219 describemus.
1062 2180 1152 2218 Hoc
1184 2179 1283 2219 addo
1305 2191 1462 2220 tantum
1485 2181 1524 2219 in
1547 2180 1586 2219 fi-

134 2249 207 2286 ne,
237 2249 277 2275 os
296 2235 407 2288 hujus
427 2234 606 2276 Testacei
628 2235 700 2275 esse
724 2234 936 2275 admodum
957 2235 1163 2275 obscurum
1174 2237 1486 2291 ,Seplerumque
1509 2238 1585 2279 fra-

134 2291 241 2333 &um
262 2322 274 2344 ,
305 2307 426 2346 quare
449 2307 526 2333 non
548 2291 636 2333 satis
657 2293 758 2333 bene
781 2292 867 2334 heic
891 2294 939 2333 ab
960 2293 1125 2334 Artifice
1147 2294 1387 2348 expressum.
1424 2295 1581 2337 Vltima

135 2352 241 2393 enim
262 2352 398 2391 voluta
418 2380 429 2401 ,
460 2350 525 2391 seu
556 2351 684 2405 prima
705 2352 878 2391 Camera
903 2351 1015 2406 supra
1045 2350 1252 2394 secundam
1274 2352 1453 2392 volutam
1476 2382 1487 2404 ,
1518 2352 1583 2393 seu

136 2410 356 2449 Cameram
387 2410 443 2449 ita
464 2411 613 2449 reflexa
634 2408 686 2448 est
708 2438 719 2460 ,
750 2421 793 2448 ut
814 2409 966 2448 nullum
996 2423 1036 2448 os
1056 2410 1236 2463 patulum
1257 2410 1454 2464 relinquat
1476 2440 1487 2461 ,
1518 2409 1582 2450 sed

135 2467 291 2506 hiatum
312 2479 468 2507 tantum
489 2466 725 2521 quemdam,
747 2466 811 2507 seu
832 2467 1001 2518 rimam,
1023 2481 1121 2521 quae
1141 2467 1282 2512 Testae
1302 2468 1388 2509 loco
1408 2469 1483 2507 oris
1504 2467 1578 2509 est.

1074 2526 1105 2568 B
1347 2528 1400 2566 II.
1432 2526 1523 2566 Hoc

158 2590 212 2628 (a)
239 2591 424 2619 Commenta.
441 2588 534 2618 Acad.
552 2588 641 2627 Instit.
663 2591 732 2618 Βοὴ,
749 2587 873 2629 p.2g.68.
