1951 3085
484 210 553 257 σε.
779 198 1483 259 SPECIMEN

486 311 643 365 Pedes*
666 308 1075 385 fi'ngulishoris·.
1111 308 1200 361 Sed
1233 308 1354 362 haec
1380 329 1455 362 res
1483 308 1551 363 est
1582 309 1860 363 admodum

482 390 710 455 incerta,
744 387 886 461 quod·
908 387 1080 440 Littus
1099 388 1259 439 modo
1282 390 1535 440 elevatum
1552 428 1567 455 ,
1594 388 1753 441 modo
1779 388 1865 440 de-

482 468 707 540 preffum
723 467 792 518 est
814 507 836 532 ‚,
871 465 1116 539 quoniam
1158 465 1366 540 fingulis
1394 465 1640 518 P'rocellis‘
1661 466 1821 519 variat
1847 506 1870 533 ⁷

484 560 544 597 ut
560 544 727 597 modo:
743 544 906 596 altum
924 585 938 611 ,
979 541 1145 595 modo·
1169 542 1335 596 imum
1360 543 1627 596 videatur„-

781 671 1498 712 S‘CHOLAIVM'.

544 777 719 818 Voniam
751 778 791 817 in
812 776 1061 817 praefatione
1086 775 1259 816 diximus
1290 790 1359 816 nos
1388 776 1538 831 fingula
1567 776 1703 817 Maris-
1725 788 1870 818 eventa

410 778 532 903 Q
565 834 761 877 adnotaffe
774 865 785 887 ,
817 835 977 888 fingulis
996 834 1103 874 horis
1125 835 1360 874 notabamus
1380 836 1505 875 etiam
1537 846 1731 888 quantum
1751 836 1869 875 Mare

570 893 773 934 accederet
804 892 851 933 ad
873 893 1004 931 Littus
1024 921 1045 941 ,.
1067 892 1131 932 vel
1154 892 1202 931 ab
1224 891 1305 945 ipso
1328 892 1530 933 recederet
1551 922 1565 943 ‚
1594 904 1803 946 propterea
1833 891 1871 930 8<

408 950 513 993 hanc
534 952 841 1007 Propositionem
863 950 950 990 heic
972 949 1212 990 addidimus:
1240 952 1357 991 Mare
1379 949 1527 991 scilicet·
1546 949 1719 990 nostrum
1748 948 1872 1003 fingu-

410 1010 457 1050 lis
479 1010 587 1049 horis
618 1011 754 1050 decem
775 1009 936 1063 pedibus
968 1008 1016 1048 ad
1046 1009 1177 1047 Littus
1209 1009 1249 1048 in
1276 1009 1415 1049 Fluxu‘
1439 1008 1655 1059 accedere,
1676 1008 1776 1048 item
1804 1007 1871 1047 de-

408 1080 497 1109 cem
524 1067 685 1120 pedibus
716 1068 756 1106 in
777 1068 954 1106 Refluxu
985 1066 1168 1105 recedere
1191 1095 1201 1104 .
1233 1068 1281 1105 In
1302 1065 1403 1107 saltu
1433 1080 1569 1108 tamen
1600 1066 1670 1106 illo
1689 1096 1702 1117 ,
1733 1065 1807 1120 qui·
1830 1065 1881 1105 in·

409 1124 543 1166 medio
574 1125 756 1179 cujusque
788 1125 937 1164 Fluxus
958 1152 971 1173 ,
1002 1124 1066 1163 vel
1087 1124 1280 1163 Refluxus
1299 1126 1519 1180 contingit,
1551 1136 1645 1164 tunc
1676 1122 1840 1164 accessus
1859 1150 1881 1173 ,-

413 1182 482 1223 vel
504 1181 666 1223 receffus
688 1183 855 1237 triginta
874 1180 1035 1234 pedibus
1057 1182 1282 1220 continetur
1303 1211 1312 1219 .
1346 1184 1543 1222 Ceterum
1560 1181 1659 1220 haec
1690 1194 1790 1234 quae
1823 1179 1873 1220 ad

412 1239 610 1281 accessum·
635 1239 876 1280 receffumve
898 1240 1099 1292 pertinent
1120 1239 1274 1279 incerta
1293 1237 1382 1278 sunt
1402 1239 1538 1278 omnia
1558 1268 1570 1290 ‚
1601 1251 1729 1292 quum·
1745 1238 1876 1278 Littus

410 1298 621 1339 Marinum
640 1327 660 1350 ,.
683 1297 787 1352 quod
818 1295 923 1351 apud
943 1310 1011 1336 nos
1043 1295 1250 1336 arenosum
1272 1295 1326 1337 est
1345 1325 1365 1348 ,Δ
1388 1295 1546 1351 fingulis
1576 1296 1761 1337 Procellis
1792 1309 1876 1336 mu-

412 1368 548 1407 tetur,
577 1367 620 1396 ut
643 1357 760 1396 modo
780 1354 945 1395 sublime
961 1383 974 1405 ,
1004 1354 1385 1410 modoprofund'umi
1400 1354 1585 1396 videatur
1605 1383 1624 1394 .-
1648 1354 1796 1395 Addidi
1818 1366 1875 1394 ta·

413 1427 508 1454 men
530 1414 633 1453 hanc
655 1413 964 1467 propositionem
986 1441 997 1461 ,
1032 1413 1125 1465 quia
1155 1412 1484 1466 vulgonostrates
1515 1425 1572 1453 ex'
1597 1411 1668 1452 isto
1698 1411 1843 1453 receffu
1861 1441 1876 1463 5

413 1472 538 1511 maris
559 1470 706 1512 aestum
729 1470 962 1525 plerumque
983 1469 1226 1522 dijudicant..
1250 1472 1368 1510 Tunc
1388 1472 1493 1511 enim
1514 1485 1582 1511 ora
1601 1471 1807 1511 maritima
1827 1469 1877 1512 ad.

415 1529 602 1569 ducentos
624 1529 781 1568 circiter
799 1528 916 1583 pedes
938 1528 1049 1582 aquis
1070 1527 1241 1578 nudata,
1272 1529 1309 1567 8<
1325 1540 1412 1568 tota
1433 1527 1544 1568 sulcis
1575 1528 1807 1582 quibusdam
1828 1529 1877 1567 iis

413 1587 455 1626 in
479 1587 572 1627 locis
593 1615 614 1638 ,A
636 1586 818 1641 aquibus
851 1599 960 1626 mare
992 1585 1148 1626 recessit
1172 1597 1312 1625 ornata
1332 1615 1344 1636 ‚
1375 1584 1491 1626 suave
1517 1585 1572 1626 est
1602 1599 1692 1625 eam
1712 1584 1875 1639 pedibus

414 1658 630 1699 peragrare
648 1675 670 1697 ‚.
691 1645 950 1699 Tellinasque
971 1645 1103 1684 varias
1123 1644 1161 1683 8<
1181 1643 1338 1684 Solenes
1360 1643 1413 1683 ibi
1435 1642 1603 1697 sepultos
1623 1645 1891 1698 Cancrosque*¹

414 1703 572 1757 legere.
606 1705 816 1745 Praeterea
838 1702 1052 1757 Propositio
1070 1702 1171 1743 haec
1204 1702 1307 1742 circa
1328 1700 1515 1743 recessum
1547 1701 1787 1741 accessumve
1810 1715 1875 1741 va-

414 1761 521 1800 rium
543 1760 692 1814 aliquid
714 1761 889 1802 conferet
911 1760 961 1801 ad
980 1761 1166 1800 notitiam
1192 1760 1305 1799 illam
1325 1760 1453 1798 Maris
1483 1772 1561 1814 qua
1582 1758 1709 1814 ipsum
1737 1760 1781 1799 in
1799 1758 1875 1801 fine

415 1827 624 1871 tamquam
643 1830 838 1872 magnum
860 1817 1081 1857 Fluentum
1097 1816 1457 1857 confiderabimus„.

637 1918 1450 1979 P‘RoPOSI'TIO‘
1522 1921 1644 1973 XI..

411 2030 583 2086 ‚Venti
611 2028 831 2083 violenti
857 2026 1312 2103 efficiuntquid'em·
1335 2071 1350 2097 ,
1389 2042 1448 2082 ut
1473 2049 1624 2083 mare
1649 2029 1875 2084 multum·

493 2106 707 2161 fluctuet
727 2149 742 2175 ,
781 2106 833 2162 Sc
859 2108 919 2160 ad
945 2107 1109 2160 Littus
1130 2107 1294 2181 magis
1322 2108 1651 2177 extendatur,
1675 2127 1874 2161 verum-

493 2200 666 2239 tamen
695 2205 799 2237 non
827 2185 1054 2238 efficiunt
1095 2199 1151 2237 ut
1188 2185 1414 2238 multum
1447 2186 1707 2239 rationem
1733 2187 1874 2240 suam

495 2278 669 2317 mutet*
690 2262 858 2340 quoad
885 2263 1252 2332 elevationem,
1293 2263 1344 2319 δε
1372 2263 1739 2337 depreffionem·
1757 2283 1874 2336 pro-

495 2356 554 2393 ut
579 2340 679 2394 fert
705 2342 857 2394 status
877 2344 1044 2394 Lunae
1071 2383 1086 2409 ‚
1126 2341 1205 2394 cui
1234 2339 1525 2416 obsequitur
1600 2339 1779 2393 Auster
1803 2356 1874 2396 ta-

496 2437 615 2470 men
642 2462 667 2487 ‚w
695 2421 978 2473 Vulturnus
1012 2419 1062 2475 Sc
1093 2418 1390 2472 Subsolanus
1416 2439 1559 2473 mare
1587 2417 1872 2494 aliquantu-

497 2496 608 2554 lum
631 2497 741 2551 heic
767 2498 949 2552 inflant
961 2538 988 2568 ‚t
1018 2511 1076 2552 ut
1094 2498 1260 2575 magis
1285 2512 1506 2570 tumeat,
1547 2494 1597 2555 δὲ
1618 2498 1879 2552 ascendat..

1713 2575 1824 2624 Aqui-
