<?xml version="1.0" encoding="UTF-8"?>
<!DOCTYPE html PUBLIC "-//W3C//DTD XHTML 1.0 Transitional//EN"
    "http://www.w3.org/TR/xhtml1/DTD/xhtml1-transitional.dtd">
<html xmlns="http://www.w3.org/1999/xhtml" xml:lang="en" lang="en">
 <head>
  <title>
</title>
<meta http-equiv="Content-Type" content="text/html;charset=utf-8" />
  <meta name='ocr-system' content='tesseract 3.04.00' />
  <meta name='ocr-capabilities' content='ocr_page ocr_carea ocr_par ocr_line ocrx_word'/>
</head>
<body>
  <div class='ocr_page' id='page_1' title='image "./janiplanciarimin01bian_0019.png"; bbox 0 0 1951 3085; ppageno 0'>
   <div class='ocr_carea' id='block_1_1' title="bbox 455 207 1516 272">
    <p class='ocr_par' dir='ltr' id='par_1_1' title="bbox 455 207 1516 272">
     <span class='ocr_line' id='line_1_1' title="bbox 455 207 1516 272; baseline 0.001 -5"><span class='ocrx_word' id='word_1_1' title='bbox 455 207 829 268; x_wconf 84' lang='lat' dir='ltr'>M1st</span> <span class='ocrx_word' id='word_1_2' title='bbox 913 212 1295 272; x_wconf 67' lang='lat' dir='ltr'>No‘rrs.</span> <span class='ocrx_word' id='word_1_3' title='bbox 1469 236 1516 270; x_wconf 84' lang='lat'>11:</span> 
     </span>
    </p>
   </div>
   <div class='ocr_carea' id='block_1_2' title="bbox 133 319 1596 2166">
    <p class='ocr_par' dir='ltr' id='par_1_2' title="bbox 134 319 1596 1128">
     <span class='ocr_line' id='line_1_2' title="bbox 144 319 1596 378; baseline 0.002 -16"><span class='ocrx_word' id='word_1_4' title='bbox 144 322 251 374; x_wconf 80' lang='lat' dir='ltr'>sunt,</span> <span class='ocrx_word' id='word_1_5' title='bbox 281 322 319 361; x_wconf 81' lang='lat'>8&lt;</span> <span class='ocrx_word' id='word_1_6' title='bbox 339 336 361 363; x_wconf 92' lang='lat' dir='ltr'>a</span> <span class='ocrx_word' id='word_1_7' title='bbox 381 319 524 377; x_wconf 54' lang='lat' dir='ltr'>puncto</span> <span class='ocrx_word' id='word_1_8' title='bbox 544 321 584 361; x_wconf 87' lang='lat' dir='ltr'>in</span> <span class='ocrx_word' id='word_1_9' title='bbox 605 320 734 362; x_wconf 84' lang='lat' dir='ltr'>medio</span> <span class='ocrx_word' id='word_1_10' title='bbox 753 320 855 374; x_wconf 84' lang='lat' dir='ltr'>ejus,</span> <span class='ocrx_word' id='word_1_11' title='bbox 877 319 980 376; x_wconf 89' lang='lat' dir='ltr'>quod</span> <span class='ocrx_word' id='word_1_12' title='bbox 1000 319 1124 362; x_wconf 84' lang='lat' dir='ltr'>veluti</span> <span class='ocrx_word' id='word_1_13' title='bbox 1143 333 1323 362; x_wconf 83' lang='lat' dir='ltr'><strong>centrum</strong></span> <span class='ocrx_word' id='word_1_14' title='bbox 1344 321 1397 363; x_wconf 92' lang='lat' dir='ltr'>est</span> <span class='ocrx_word' id='word_1_15' title='bbox 1411 353 1423 374; x_wconf 83' lang='lat'>,</span> <span class='ocrx_word' id='word_1_16' title='bbox 1441 324 1596 378; x_wconf 88' lang='lat' dir='ltr'>prodire</span> 
     </span>
     <span class='ocr_line' id='line_1_3' title="bbox 140 378 1591 434; baseline 0.001 -13"><span class='ocrx_word' id='word_1_17' title='bbox 140 380 326 422; x_wconf 83' lang='lat' dir='ltr'>videntur</span> <span class='ocrx_word' id='word_1_18' title='bbox 345 410 354 419; x_wconf 92' lang='lat'>.</span> <span class='ocrx_word' id='word_1_19' title='bbox 387 383 476 420; x_wconf 93' lang='lat' dir='ltr'>Hoc</span> <span class='ocrx_word' id='word_1_20' title='bbox 499 378 691 419; x_wconf 61' lang='lat' dir='ltr'>Punffium</span> <span class='ocrx_word' id='word_1_21' title='bbox 721 379 1012 434; x_wconf 80' lang='lat' dir='ltr'>aliquantulum</span> <span class='ocrx_word' id='word_1_22' title='bbox 1030 379 1173 433; x_wconf 84' lang='lat' dir='ltr'>prostat</span> <span class='ocrx_word' id='word_1_23' title='bbox 1196 411 1208 432; x_wconf 84' lang='lat'>‚</span> <span class='ocrx_word' id='word_1_24' title='bbox 1239 380 1324 421; x_wconf 91' lang='lat' dir='ltr'>ideo</span> <span class='ocrx_word' id='word_1_25' title='bbox 1356 382 1591 423; x_wconf 76' lang='lat' dir='ltr'>umbilicum</span> 
     </span>
     <span class='ocr_line' id='line_1_4' title="bbox 139 438 1590 493; baseline 0.003 -16"><span class='ocrx_word' id='word_1_26' title='bbox 139 439 435 493; x_wconf 79' lang='lat' dir='ltr'>prominentem</span> <span class='ocrx_word' id='word_1_27' title='bbox 467 438 642 489; x_wconf 80' lang='lat' dir='ltr'>vocavi3</span> <span class='ocrx_word' id='word_1_28' title='bbox 684 451 928 492; x_wconf 78' lang='lat' dir='ltr'>quamquam</span> <span class='ocrx_word' id='word_1_29' title='bbox 957 439 1075 490; x_wconf 77' lang='lat' dir='ltr'>vulgo</span> <span class='ocrx_word' id='word_1_30' title='bbox 1107 438 1155 477; x_wconf 85' lang='lat' dir='ltr'>ab</span> <span class='ocrx_word' id='word_1_31' title='bbox 1187 440 1368 480; x_wconf 80' lang='lat' dir='ltr'>Naturae</span> <span class='ocrx_word' id='word_1_32' title='bbox 1391 439 1590 481; x_wconf 87' lang='lat' dir='ltr'>Historiae</span> 
     </span>
     <span class='ocr_line' id='line_1_5' title="bbox 139 494 1592 550; baseline 0.001 -14"><span class='ocrx_word' id='word_1_33' title='bbox 139 496 399 550; x_wconf 87' lang='lat' dir='ltr'>Scriptoribus</span> <span class='ocrx_word' id='word_1_34' title='bbox 421 496 607 538; x_wconf 88' lang='lat' dir='ltr'>Conchae</span> <span class='ocrx_word' id='word_1_35' title='bbox 629 525 641 547; x_wconf 84' lang='lat'>,</span> <span class='ocrx_word' id='word_1_36' title='bbox 673 496 709 534; x_wconf 75' lang='grc' dir='ltr'>ὃ(</span> <span class='ocrx_word' id='word_1_37' title='bbox 730 496 928 536; x_wconf 81' lang='lat' dir='ltr'>Cochleae</span> <span class='ocrx_word' id='word_1_38' title='bbox 960 494 1213 535; x_wconf 79' lang='lat' dir='ltr'>umbilicatae</span> <span class='ocrx_word' id='word_1_39' title='bbox 1244 510 1437 538; x_wconf 89' lang='lat' dir='ltr'>vocentur</span> <span class='ocrx_word' id='word_1_40' title='bbox 1466 497 1558 538; x_wconf 88' lang='lat' dir='ltr'>illae</span> <span class='ocrx_word' id='word_1_41' title='bbox 1579 527 1592 550; x_wconf 89' lang='lat'>,</span> 
     </span>
     <span class='ocr_line' id='line_1_6' title="bbox 139 550 1592 609; baseline 0.001 -15"><span class='ocrx_word' id='word_1_42' title='bbox 139 567 239 608; x_wconf 87' lang='lat' dir='ltr'>quae</span> <span class='ocrx_word' id='word_1_43' title='bbox 260 554 393 608; x_wconf 86' lang='lat' dir='ltr'>aliquo</span> <span class='ocrx_word' id='word_1_44' title='bbox 417 554 612 595; x_wconf 85' lang='lat' dir='ltr'>foramine</span> <span class='ocrx_word' id='word_1_45' title='bbox 635 554 675 592; x_wconf 88' lang='lat' dir='ltr'>in</span> <span class='ocrx_word' id='word_1_46' title='bbox 698 553 826 592; x_wconf 87' lang='lat' dir='ltr'>medio</span> <span class='ocrx_word' id='word_1_47' title='bbox 847 551 932 589; x_wconf 90' lang='lat' dir='ltr'>sunt</span> <span class='ocrx_word' id='word_1_48' title='bbox 952 550 1119 590; x_wconf 81' lang='lat' dir='ltr'>donatae</span> <span class='ocrx_word' id='word_1_49' title='bbox 1140 580 1150 590; x_wconf 89' lang='lat'><strong><em>.</em></strong></span> <span class='ocrx_word' id='word_1_50' title='bbox 1184 553 1379 593; x_wconf 87' lang='lat' dir='ltr'>Ceterum</span> <span class='ocrx_word' id='word_1_51' title='bbox 1410 556 1592 609; x_wconf 84' lang='lat' dir='ltr'>quamvis</span> 
     </span>
     <span class='ocr_line' id='line_1_7' title="bbox 138 608 1591 665; baseline 0.001 -14"><span class='ocrx_word' id='word_1_52' title='bbox 138 613 405 653; x_wconf 85' lang='lat' dir='ltr'>orbiculatum</span> <span class='ocrx_word' id='word_1_53' title='bbox 430 627 479 652; x_wconf 83' lang='lat' dir='ltr'>ex</span> <span class='ocrx_word' id='word_1_54' title='bbox 504 612 581 663; x_wconf 83' lang='lat' dir='ltr'>ejus</span> <span class='ocrx_word' id='word_1_55' title='bbox 602 609 766 649; x_wconf 85' lang='lat' dir='ltr'>rotunda</span> <span class='ocrx_word' id='word_1_56' title='bbox 789 608 912 662; x_wconf 80' lang='lat' dir='ltr'>figura</span> <span class='ocrx_word' id='word_1_57' title='bbox 932 608 1248 659; x_wconf 83' lang='lat' dir='ltr'>nominaverim,</span> <span class='ocrx_word' id='word_1_58' title='bbox 1281 622 1416 651; x_wconf 86' lang='lat' dir='ltr'>tamen</span> <span class='ocrx_word' id='word_1_59' title='bbox 1438 614 1591 665; x_wconf 75' lang='lat' dir='ltr'>planius</span> 
     </span>
     <span class='ocr_line' id='line_1_8' title="bbox 138 665 1587 723; baseline 0.001 -14"><span class='ocrx_word' id='word_1_60' title='bbox 138 671 175 708; x_wconf 82' lang='lat'>8&lt;</span> <span class='ocrx_word' id='word_1_61' title='bbox 196 671 439 723; x_wconf 72' lang='lat' dir='ltr'>compressius</span> <span class='ocrx_word' id='word_1_62' title='bbox 462 668 515 706; x_wconf 91' lang='lat' dir='ltr'>est</span> <span class='ocrx_word' id='word_1_63' title='bbox 535 696 547 716; x_wconf 79' lang='lat'>,</span> <span class='ocrx_word' id='word_1_64' title='bbox 579 679 698 719; x_wconf 85' lang='lat' dir='ltr'>quam</span> <span class='ocrx_word' id='word_1_65' title='bbox 720 666 893 719; x_wconf 78' lang='lat' dir='ltr'>reliquae</span> <span class='ocrx_word' id='word_1_66' title='bbox 914 665 1024 717; x_wconf 83' lang='lat' dir='ltr'>hujus</span> <span class='ocrx_word' id='word_1_67' title='bbox 1046 668 1199 720; x_wconf 81' lang='lat' dir='ltr'>generis</span> <span class='ocrx_word' id='word_1_68' title='bbox 1220 667 1362 707; x_wconf 77' lang='lat' dir='ltr'>Testae</span> <span class='ocrx_word' id='word_1_69' title='bbox 1383 699 1395 720; x_wconf 86' lang='lat'>,</span> <span class='ocrx_word' id='word_1_70' title='bbox 1427 671 1463 708; x_wconf 79' lang='lat'>8&lt;</span> <span class='ocrx_word' id='word_1_71' title='bbox 1493 672 1587 710; x_wconf 81' lang='lat' dir='ltr'>licet</span> 
     </span>
     <span class='ocr_line' id='line_1_9' title="bbox 136 723 1589 779; baseline 0.001 -13"><span class='ocrx_word' id='word_1_72' title='bbox 136 727 348 766; x_wconf 81' lang='lat' dir='ltr'>rotundum</span> <span class='ocrx_word' id='word_1_73' title='bbox 361 725 476 778; x_wconf 85' lang='lat' dir='ltr'>plane</span> <span class='ocrx_word' id='word_1_74' title='bbox 501 735 691 777; x_wconf 75' lang='lat' dir='ltr'>appareat</span> <span class='ocrx_word' id='word_1_75' title='bbox 705 753 716 774; x_wconf 86' lang='lat'>‚</span> <span class='ocrx_word' id='word_1_76' title='bbox 734 723 773 762; x_wconf 88' lang='lat' dir='ltr'>id</span> <span class='ocrx_word' id='word_1_77' title='bbox 795 725 929 764; x_wconf 90' lang='lat' dir='ltr'>evenit</span> <span class='ocrx_word' id='word_1_78' title='bbox 951 724 1054 777; x_wconf 91' lang='lat' dir='ltr'>quod</span> <span class='ocrx_word' id='word_1_79' title='bbox 1067 726 1299 779; x_wconf 80' lang='lat' dir='ltr'>plerumque</span> <span class='ocrx_word' id='word_1_80' title='bbox 1323 740 1363 765; x_wconf 88' lang='lat' dir='ltr'>os</span> <span class='ocrx_word' id='word_1_81' title='bbox 1377 727 1495 768; x_wconf 86' lang='lat' dir='ltr'>habet</span> <span class='ocrx_word' id='word_1_82' title='bbox 1517 728 1589 768; x_wconf 90' lang='lat' dir='ltr'>dif-</span> 
     </span>
     <span class='ocr_line' id='line_1_10' title="bbox 134 781 1588 837; baseline 0.001 -13"><span class='ocrx_word' id='word_1_83' title='bbox 134 781 326 833; x_wconf 56' lang='lat' dir='ltr'>fragium,</span> <span class='ocrx_word' id='word_1_84' title='bbox 357 781 693 836; x_wconf 81' lang='lat' dir='ltr'>quemadmodum</span> <span class='ocrx_word' id='word_1_85' title='bbox 713 781 809 821; x_wconf 87' lang='lat' dir='ltr'>illud</span> <span class='ocrx_word' id='word_1_86' title='bbox 830 781 883 822; x_wconf 88' lang='lat' dir='ltr'>est</span> <span class='ocrx_word' id='word_1_87' title='bbox 913 783 1015 836; x_wconf 91' lang='lat' dir='ltr'>quod</span> <span class='ocrx_word' id='word_1_88' title='bbox 1040 783 1161 837; x_wconf 75' lang='lat' dir='ltr'>figura</span> <span class='ocrx_word' id='word_1_89' title='bbox 1183 786 1235 823; x_wconf 88' lang='grc' dir='ltr'>ΙΙ.</span> <span class='ocrx_word' id='word_1_90' title='bbox 1262 784 1365 824; x_wconf 85' lang='lat' dir='ltr'>Tab.</span> <span class='ocrx_word' id='word_1_91' title='bbox 1382 788 1412 824; x_wconf 83' lang='grc' dir='ltr'>Ι.</span> <span class='ocrx_word' id='word_1_92' title='bbox 1446 785 1588 825; x_wconf 81' lang='lat' dir='ltr'>litteris</span> 
     </span>
     <span class='ocr_line' id='line_1_11' title="bbox 137 840 1588 895; baseline 0.001 -14"><span class='ocrx_word' id='word_1_93' title='bbox 137 843 174 881; x_wconf 89' lang='lat' dir='ltr'>E</span> <span class='ocrx_word' id='word_1_94' title='bbox 195 842 231 880; x_wconf 80' lang='lat'>8&lt;</span> <span class='ocrx_word' id='word_1_95' title='bbox 253 843 285 880; x_wconf 81' lang='lat' dir='ltr'>F</span> <span class='ocrx_word' id='word_1_96' title='bbox 310 840 358 880; x_wconf 86' lang='lat' dir='ltr'>ab</span> <span class='ocrx_word' id='word_1_97' title='bbox 381 840 610 880; x_wconf 86' lang='lat' dir='ltr'>Artificibus</span> <span class='ocrx_word' id='word_1_98' title='bbox 634 854 722 880; x_wconf 88' lang='lat' dir='ltr'>aere</span> <span class='ocrx_word' id='word_1_99' title='bbox 742 840 817 880; x_wconf 83' lang='lat' dir='ltr'>fuit</span> <span class='ocrx_word' id='word_1_100' title='bbox 837 841 1059 895; x_wconf 78' lang='lat' dir='ltr'>expressum</span> <span class='ocrx_word' id='word_1_101' title='bbox 1081 871 1090 881; x_wconf 85' lang='lat'><em>.</em></span> <span class='ocrx_word' id='word_1_102' title='bbox 1124 844 1318 882; x_wconf 83' lang='lat' dir='ltr'>Ceterum</span> <span class='ocrx_word' id='word_1_103' title='bbox 1346 854 1403 882; x_wconf 89' lang='lat' dir='ltr'>os</span> <span class='ocrx_word' id='word_1_104' title='bbox 1427 842 1468 882; x_wconf 88' lang='lat' dir='ltr'>in</span> <span class='ocrx_word' id='word_1_105' title='bbox 1488 844 1588 883; x_wconf 87' lang='lat' dir='ltr'>inte-</span> 
     </span>
     <span class='ocr_line' id='line_1_12' title="bbox 136 898 1590 954; baseline 0.001 -16"><span class='ocrx_word' id='word_1_106' title='bbox 136 900 216 954; x_wconf 80' lang='lat' dir='ltr'>gris</span> <span class='ocrx_word' id='word_1_107' title='bbox 246 899 282 937; x_wconf 83' lang='lat'>8&lt;</span> <span class='ocrx_word' id='word_1_108' title='bbox 304 913 382 938; x_wconf 89' lang='lat' dir='ltr'>non</span> <span class='ocrx_word' id='word_1_109' title='bbox 404 898 584 952; x_wconf 79' lang='lat' dir='ltr'>disruptis</span> <span class='ocrx_word' id='word_1_110' title='bbox 606 910 790 953; x_wconf 86' lang='lat' dir='ltr'>apertum</span> <span class='ocrx_word' id='word_1_111' title='bbox 811 898 864 940; x_wconf 86' lang='lat' dir='ltr'>est</span> <span class='ocrx_word' id='word_1_112' title='bbox 894 911 936 939; x_wconf 87' lang='lat' dir='ltr'>ut</span> <span class='ocrx_word' id='word_1_113' title='bbox 958 900 998 939; x_wconf 89' lang='lat' dir='ltr'>in</span> <span class='ocrx_word' id='word_1_114' title='bbox 1021 899 1144 954; x_wconf 77' lang='lat' dir='ltr'>figura</span> <span class='ocrx_word' id='word_1_115' title='bbox 1167 902 1242 939; x_wconf 80' lang='lat'>111.</span> <span class='ocrx_word' id='word_1_116' title='bbox 1264 900 1300 938; x_wconf 75' lang='grc' dir='ltr'>ὃ(</span> <span class='ocrx_word' id='word_1_117' title='bbox 1326 902 1396 939; x_wconf 81' lang='lat' dir='ltr'>IV.</span> <span class='ocrx_word' id='word_1_118' title='bbox 1430 902 1590 941; x_wconf 79' lang='lat' dir='ltr'>alterius</span> 
     </span>
     <span class='ocr_line' id='line_1_13' title="bbox 137 956 1587 1010; baseline 0.001 -13"><span class='ocrx_word' id='word_1_119' title='bbox 137 956 278 998; x_wconf 84' lang='lat' dir='ltr'>Testae</span> <span class='ocrx_word' id='word_1_120' title='bbox 299 959 339 998; x_wconf 94' lang='lat' dir='ltr'>in</span> <span class='ocrx_word' id='word_1_121' title='bbox 360 957 500 997; x_wconf 82' lang='lat' dir='ltr'>eadem</span> <span class='ocrx_word' id='word_1_122' title='bbox 525 956 682 996; x_wconf 80' lang='lat' dir='ltr'>Tabula</span> <span class='ocrx_word' id='word_1_123' title='bbox 705 956 838 997; x_wconf 85' lang='lat' dir='ltr'>videre</span> <span class='ocrx_word' id='word_1_124' title='bbox 862 957 955 997; x_wconf 77' lang='lat' dir='ltr'>licet</span> <span class='ocrx_word' id='word_1_125' title='bbox 978 971 986 995; x_wconf 89' lang='lat'>:</span> <span class='ocrx_word' id='word_1_126' title='bbox 1021 958 1150 997; x_wconf 86' lang='lat' dir='ltr'>Moles</span> <span class='ocrx_word' id='word_1_127' title='bbox 1170 958 1358 1010; x_wconf 77' lang='lat' dir='ltr'>Corporis</span> <span class='ocrx_word' id='word_1_128' title='bbox 1389 957 1443 998; x_wconf 85' lang='lat' dir='ltr'>est</span> <span class='ocrx_word' id='word_1_129' title='bbox 1473 960 1587 998; x_wconf 86' lang='lat' dir='ltr'>mini-</span> 
     </span>
     <span class='ocr_line' id='line_1_14' title="bbox 139 1012 1588 1069; baseline 0.001 -15"><span class='ocrx_word' id='word_1_130' title='bbox 139 1029 205 1055; x_wconf 86' lang='lat' dir='ltr'>ma</span> <span class='ocrx_word' id='word_1_131' title='bbox 225 1045 237 1066; x_wconf 90' lang='lat'>,</span> <span class='ocrx_word' id='word_1_132' title='bbox 269 1027 311 1055; x_wconf 92' lang='lat' dir='ltr'>ut</span> <span class='ocrx_word' id='word_1_133' title='bbox 331 1014 597 1069; x_wconf 72' lang='lat' dir='ltr'>praecedentIS</span> <span class='ocrx_word' id='word_1_134' title='bbox 617 1041 634 1065; x_wconf 82' lang='grc'>,-</span> <span class='ocrx_word' id='word_1_135' title='bbox 662 1012 725 1054; x_wconf 86' lang='lat' dir='ltr'>sed</span> <span class='ocrx_word' id='word_1_136' title='bbox 747 1015 946 1055; x_wconf 88' lang='lat' dir='ltr'>interdum</span> <span class='ocrx_word' id='word_1_137' title='bbox 967 1014 1085 1068; x_wconf 84' lang='lat' dir='ltr'>duplo</span> <span class='ocrx_word' id='word_1_138' title='bbox 1105 1044 1117 1066; x_wconf 87' lang='lat'>,</span> <span class='ocrx_word' id='word_1_139' title='bbox 1147 1015 1213 1055; x_wconf 90' lang='lat' dir='ltr'>vel</span> <span class='ocrx_word' id='word_1_140' title='bbox 1234 1015 1352 1069; x_wconf 82' lang='lat' dir='ltr'>triplo</span> <span class='ocrx_word' id='word_1_141' title='bbox 1375 1016 1499 1069; x_wconf 87' lang='lat' dir='ltr'>major</span> <span class='ocrx_word' id='word_1_142' title='bbox 1528 1029 1588 1056; x_wconf 91' lang='lat' dir='ltr'>re-</span> 
     </span>
     <span class='ocr_line' id='line_1_15' title="bbox 135 1085 600 1128; baseline -0.017 -14"><span class='ocrx_word' id='word_1_143' title='bbox 135 1085 311 1127; x_wconf 62' lang='lat' dir='ltr'>periturr</span> <span class='ocrx_word' id='word_1_144' title='bbox 597 1125 600 1128; x_wconf 12' lang='grc' dir='ltr'><strong>ψ</strong></span> 
     </span>
    </p>

    <p class='ocr_par' dir='ltr' id='par_1_3' title="bbox 133 1128 1588 2166">
     <span class='ocr_line' id='line_1_16' title="bbox 192 1128 1586 1186; baseline 0.001 -17"><span class='ocrx_word' id='word_1_145' title='bbox 192 1132 248 1171; x_wconf 90' lang='grc' dir='ltr'>ΙΙ.</span> <span class='ocrx_word' id='word_1_146' title='bbox 274 1129 495 1185; x_wconf 80' lang='lat' dir='ltr'>Vestigium</span> <span class='ocrx_word' id='word_1_147' title='bbox 516 1128 669 1170; x_wconf 88' lang='lat' dir='ltr'>nullum</span> <span class='ocrx_word' id='word_1_148' title='bbox 693 1130 894 1171; x_wconf 84' lang='lat' dir='ltr'>invenitur</span> <span class='ocrx_word' id='word_1_149' title='bbox 913 1130 1023 1184; x_wconf 85' lang='lat' dir='ltr'>hujus</span> <span class='ocrx_word' id='word_1_150' title='bbox 1043 1130 1298 1186; x_wconf 87' lang='lat' dir='ltr'>pulcherrimi</span> <span class='ocrx_word' id='word_1_151' title='bbox 1310 1133 1446 1172; x_wconf 91' lang='lat' dir='ltr'>Cornu</span> <span class='ocrx_word' id='word_1_152' title='bbox 1458 1133 1586 1171; x_wconf 86' lang='lat' dir='ltr'>Ham-</span> 
     </span>
     <span class='ocr_line' id='line_1_17' title="bbox 136 1188 1587 1243; baseline 0.001 -16"><span class='ocrx_word' id='word_1_153' title='bbox 136 1190 263 1228; x_wconf 85' lang='lat' dir='ltr'>monis</span> <span class='ocrx_word' id='word_1_154' title='bbox 283 1188 412 1230; x_wconf 75' lang='lat' dir='ltr'>fossilis</span> <span class='ocrx_word' id='word_1_155' title='bbox 443 1189 484 1227; x_wconf 90' lang='lat' dir='ltr'>in</span> <span class='ocrx_word' id='word_1_156' title='bbox 505 1202 624 1229; x_wconf 84' lang='lat' dir='ltr'>arena</span> <span class='ocrx_word' id='word_1_157' title='bbox 645 1189 714 1230; x_wconf 85' lang='lat' dir='ltr'>illa</span> <span class='ocrx_word' id='word_1_158' title='bbox 736 1191 839 1230; x_wconf 80' lang='lat' dir='ltr'>flava</span> <span class='ocrx_word' id='word_1_159' title='bbox 864 1189 1092 1230; x_wconf 75' lang='lat' dir='ltr'>Bononiensi</span> <span class='ocrx_word' id='word_1_160' title='bbox 1116 1219 1127 1238; x_wconf 82' lang='lat'>,</span> <span class='ocrx_word' id='word_1_161' title='bbox 1159 1189 1206 1228; x_wconf 90' lang='lat' dir='ltr'>de</span> <span class='ocrx_word' id='word_1_162' title='bbox 1226 1203 1303 1243; x_wconf 90' lang='lat' dir='ltr'>qua</span> <span class='ocrx_word' id='word_1_163' title='bbox 1329 1191 1370 1229; x_wconf 84' lang='lat' dir='ltr'>in</span> <span class='ocrx_word' id='word_1_164' title='bbox 1402 1189 1587 1242; x_wconf 81' lang='lat' dir='ltr'>superiori</span> 
     </span>
     <span class='ocr_line' id='line_1_18' title="bbox 136 1245 1586 1301; baseline 0.001 -16"><span class='ocrx_word' id='word_1_165' title='bbox 136 1248 282 1300; x_wconf 82' lang='lat' dir='ltr'>Capite</span> <span class='ocrx_word' id='word_1_166' title='bbox 296 1276 307 1297; x_wconf 87' lang='lat'>‚</span> <span class='ocrx_word' id='word_1_167' title='bbox 328 1245 664 1300; x_wconf 87' lang='lat' dir='ltr'>quemadmodum</span> <span class='ocrx_word' id='word_1_168' title='bbox 688 1261 815 1301; x_wconf 88' lang='lat' dir='ltr'>neque</span> <span class='ocrx_word' id='word_1_169' title='bbox 839 1248 963 1287; x_wconf 90' lang='lat' dir='ltr'>ullum</span> <span class='ocrx_word' id='word_1_170' title='bbox 984 1248 1089 1287; x_wconf 87' lang='lat' dir='ltr'>aliud</span> <span class='ocrx_word' id='word_1_171' title='bbox 1106 1249 1242 1286; x_wconf 90' lang='lat' dir='ltr'>Cornu</span> <span class='ocrx_word' id='word_1_172' title='bbox 1263 1248 1502 1286; x_wconf 84' lang='lat' dir='ltr'>Hammonis</span> <span class='ocrx_word' id='word_1_173' title='bbox 1523 1260 1586 1300; x_wconf 82' lang='lat' dir='ltr'>ge-</span> 
     </span>
     <span class='ocr_line' id='line_1_19' title="bbox 136 1303 1585 1359; baseline 0.001 -16"><span class='ocrx_word' id='word_1_174' title='bbox 136 1317 207 1343; x_wconf 89' lang='lat' dir='ltr'>nus</span> <span class='ocrx_word' id='word_1_175' title='bbox 239 1317 394 1359; x_wconf 86' lang='lat' dir='ltr'>praeter</span> <span class='ocrx_word' id='word_1_176' title='bbox 417 1303 587 1343; x_wconf 91' lang='lat' dir='ltr'>nostrum</span> <span class='ocrx_word' id='word_1_177' title='bbox 613 1303 709 1342; x_wconf 78' lang='lat' dir='ltr'>illud</span> <span class='ocrx_word' id='word_1_178' title='bbox 734 1304 909 1356; x_wconf 90' lang='lat' dir='ltr'>primum</span> <span class='ocrx_word' id='word_1_179' title='bbox 931 1304 1239 1357; x_wconf 80' lang='lat' dir='ltr'>vulgatissimum</span> <span class='ocrx_word' id='word_1_180' title='bbox 1259 1332 1269 1342; x_wconf 87' lang='lat'><strong>.</strong></span> <span class='ocrx_word' id='word_1_181' title='bbox 1302 1305 1359 1342; x_wconf 89' lang='lat' dir='ltr'>At</span> <span class='ocrx_word' id='word_1_182' title='bbox 1390 1306 1430 1343; x_wconf 92' lang='lat' dir='ltr'>in</span> <span class='ocrx_word' id='word_1_183' title='bbox 1456 1306 1585 1345; x_wconf 86' lang='lat' dir='ltr'>Terra</span> 
     </span>
     <span class='ocr_line' id='line_1_20' title="bbox 134 1359 1584 1414; baseline 0.001 -14"><span class='ocrx_word' id='word_1_184' title='bbox 134 1362 238 1401; x_wconf 85' lang='lat' dir='ltr'>illius</span> <span class='ocrx_word' id='word_1_185' title='bbox 270 1362 390 1401; x_wconf 85' lang='lat' dir='ltr'>Strati</span> <span class='ocrx_word' id='word_1_186' title='bbox 422 1362 565 1400; x_wconf 87' lang='lat' dir='ltr'>montis</span> <span class='ocrx_word' id='word_1_187' title='bbox 597 1360 713 1400; x_wconf 85' lang='lat' dir='ltr'>nostri</span> <span class='ocrx_word' id='word_1_188' title='bbox 748 1362 972 1414; x_wconf 79' lang='lat' dir='ltr'>Covignani</span> <span class='ocrx_word' id='word_1_189' title='bbox 1005 1373 1114 1400; x_wconf 90' lang='lat' dir='ltr'>tanta</span> <span class='ocrx_word' id='word_1_190' title='bbox 1135 1359 1189 1400; x_wconf 84' lang='lat' dir='ltr'>est</span> <span class='ocrx_word' id='word_1_191' title='bbox 1219 1362 1278 1400; x_wconf 77' lang='lat' dir='ltr'>vis</span> <span class='ocrx_word' id='word_1_192' title='bbox 1299 1361 1409 1413; x_wconf 83' lang='lat' dir='ltr'>hujus</span> <span class='ocrx_word' id='word_1_193' title='bbox 1440 1361 1584 1402; x_wconf 84' lang='lat' dir='ltr'>Testae</span> 
     </span>
     <span class='ocr_line' id='line_1_21' title="bbox 133 1418 1584 1472; baseline -0.001 -12"><span class='ocrx_word' id='word_1_194' title='bbox 133 1419 288 1470; x_wconf 80' lang='lat' dir='ltr'>foffilis,</span> <span class='ocrx_word' id='word_1_195' title='bbox 320 1431 362 1458; x_wconf 92' lang='lat' dir='ltr'>ut</span> <span class='ocrx_word' id='word_1_196' title='bbox 384 1419 619 1472; x_wconf 80' lang='lat' dir='ltr'>quingentas</span> <span class='ocrx_word' id='word_1_197' title='bbox 639 1418 795 1458; x_wconf 86' lang='lat' dir='ltr'>circiter</span> <span class='ocrx_word' id='word_1_198' title='bbox 817 1419 857 1457; x_wconf 89' lang='lat' dir='ltr'>in</span> <span class='ocrx_word' id='word_1_199' title='bbox 879 1420 992 1458; x_wconf 86' lang='lat' dir='ltr'>unica</span> <span class='ocrx_word' id='word_1_200' title='bbox 1014 1419 1126 1458; x_wconf 86' lang='lat' dir='ltr'>uncia</span> <span class='ocrx_word' id='word_1_201' title='bbox 1146 1420 1442 1458; x_wconf 84' lang='lat' dir='ltr'>numeraverim</span> <span class='ocrx_word' id='word_1_202' title='bbox 1462 1448 1471 1457; x_wconf 90' lang='lat'><strong><em>.</em></strong></span> <span class='ocrx_word' id='word_1_203' title='bbox 1505 1422 1584 1458; x_wconf 84' lang='lat' dir='ltr'>Im-</span> 
     </span>
     <span class='ocr_line' id='line_1_22' title="bbox 135 1475 1586 1530; baseline -0.001 -13"><span class='ocrx_word' id='word_1_204' title='bbox 135 1491 201 1517; x_wconf 90' lang='lat' dir='ltr'>mo</span> <span class='ocrx_word' id='word_1_205' title='bbox 222 1478 262 1518; x_wconf 85' lang='lat' dir='ltr'>in</span> <span class='ocrx_word' id='word_1_206' title='bbox 282 1477 434 1530; x_wconf 87' lang='lat' dir='ltr'>reliqua</span> <span class='ocrx_word' id='word_1_207' title='bbox 447 1477 582 1515; x_wconf 86' lang='lat' dir='ltr'>Arena</span> <span class='ocrx_word' id='word_1_208' title='bbox 606 1478 710 1516; x_wconf 85' lang='lat' dir='ltr'>flava</span> <span class='ocrx_word' id='word_1_209' title='bbox 730 1475 901 1528; x_wconf 85' lang='lat' dir='ltr'>ejusdem</span> <span class='ocrx_word' id='word_1_210' title='bbox 923 1477 1088 1527; x_wconf 82' lang='lat' dir='ltr'>montis,</span> <span class='ocrx_word' id='word_1_211' title='bbox 1117 1477 1158 1516; x_wconf 89' lang='lat' dir='ltr'>in</span> <span class='ocrx_word' id='word_1_212' title='bbox 1181 1489 1257 1530; x_wconf 82' lang='lat' dir='ltr'>qua</span> <span class='ocrx_word' id='word_1_213' title='bbox 1276 1477 1441 1517; x_wconf 86' lang='lat' dir='ltr'>Cornua</span> <span class='ocrx_word' id='word_1_214' title='bbox 1459 1478 1586 1516; x_wconf 85' lang='lat' dir='ltr'>Ham-</span> 
     </span>
     <span class='ocr_line' id='line_1_23' title="bbox 134 1532 1584 1589; baseline -0.001 -15"><span class='ocrx_word' id='word_1_215' title='bbox 134 1536 260 1576; x_wconf 89' lang='lat' dir='ltr'>monis</span> <span class='ocrx_word' id='word_1_216' title='bbox 280 1534 418 1574; x_wconf 81' lang='lat' dir='ltr'>foffilia</span> <span class='ocrx_word' id='word_1_217' title='bbox 439 1534 710 1588; x_wconf 80' lang='lat' dir='ltr'>reperiuntur,</span> <span class='ocrx_word' id='word_1_218' title='bbox 731 1533 963 1588; x_wconf 87' lang='lat' dir='ltr'>plerumque</span> <span class='ocrx_word' id='word_1_219' title='bbox 978 1534 1086 1587; x_wconf 87' lang='lat' dir='ltr'>hujus</span> <span class='ocrx_word' id='word_1_220' title='bbox 1100 1534 1253 1589; x_wconf 84' lang='lat' dir='ltr'>generis</span> <span class='ocrx_word' id='word_1_221' title='bbox 1274 1532 1383 1574; x_wconf 85' lang='lat' dir='ltr'>sunt.</span> <span class='ocrx_word' id='word_1_222' title='bbox 1415 1537 1462 1573; x_wconf 88' lang='lat' dir='ltr'>In</span> <span class='ocrx_word' id='word_1_223' title='bbox 1484 1536 1584 1574; x_wconf 90' lang='lat' dir='ltr'>Ter-</span> 
     </span>
     <span class='ocr_line' id='line_1_24' title="bbox 135 1591 1583 1648; baseline -0.001 -15"><span class='ocrx_word' id='word_1_224' title='bbox 135 1607 178 1634; x_wconf 84' lang='lat' dir='ltr'>ra</span> <span class='ocrx_word' id='word_1_225' title='bbox 200 1592 372 1648; x_wconf 89' lang='lat' dir='ltr'>quadam</span> <span class='ocrx_word' id='word_1_226' title='bbox 402 1606 452 1633; x_wconf 78' lang='lat' dir='ltr'>ex</span> <span class='ocrx_word' id='word_1_227' title='bbox 482 1591 728 1632; x_wconf 86' lang='lat' dir='ltr'>Certaldenfi</span> <span class='ocrx_word' id='word_1_228' title='bbox 753 1593 864 1646; x_wconf 84' lang='lat' dir='ltr'>Agro</span> <span class='ocrx_word' id='word_1_229' title='bbox 895 1593 935 1631; x_wconf 92' lang='lat' dir='ltr'>in</span> <span class='ocrx_word' id='word_1_230' title='bbox 969 1593 1132 1632; x_wconf 88' lang='lat' dir='ltr'>Etruria</span> <span class='ocrx_word' id='word_1_231' title='bbox 1162 1592 1271 1632; x_wconf 84' lang='lat' dir='ltr'>vario</span> <span class='ocrx_word' id='word_1_232' title='bbox 1303 1592 1583 1632; x_wconf 85' lang='lat' dir='ltr'>Testaceorum</span> 
     </span>
     <span class='ocr_line' id='line_1_25' title="bbox 135 1650 1583 1706; baseline -0.003 -13"><span class='ocrx_word' id='word_1_233' title='bbox 135 1665 278 1706; x_wconf 83' lang='lat' dir='ltr'>genere</span> <span class='ocrx_word' id='word_1_234' title='bbox 302 1650 551 1692; x_wconf 79' lang='lat' dir='ltr'>refertissima</span> <span class='ocrx_word' id='word_1_235' title='bbox 570 1680 581 1701; x_wconf 81' lang='lat'>‚</span> <span class='ocrx_word' id='word_1_236' title='bbox 614 1664 735 1704; x_wconf 86' lang='lat' dir='ltr'>quam</span> <span class='ocrx_word' id='word_1_237' title='bbox 755 1650 803 1690; x_wconf 88' lang='lat' dir='ltr'>ad</span> <span class='ocrx_word' id='word_1_238' title='bbox 826 1664 890 1690; x_wconf 90' lang='lat' dir='ltr'>me</span> <span class='ocrx_word' id='word_1_239' title='bbox 912 1650 1010 1689; x_wconf 87' lang='lat' dir='ltr'>olim</span> <span class='ocrx_word' id='word_1_240' title='bbox 1034 1650 1193 1691; x_wconf 87' lang='lat' dir='ltr'>miserat</span> <span class='ocrx_word' id='word_1_241' title='bbox 1215 1651 1350 1689; x_wconf 85' lang='lat' dir='ltr'>Petrus</span> <span class='ocrx_word' id='word_1_242' title='bbox 1370 1650 1583 1690; x_wconf 81' lang='lat' dir='ltr'>Michelius</span> 
     </span>
     <span class='ocr_line' id='line_1_26' title="bbox 136 1707 1577 1764; baseline 0 -16"><span class='ocrx_word' id='word_1_243' title='bbox 136 1710 295 1764; x_wconf 76' lang='lat' dir='ltr'>insignis</span> <span class='ocrx_word' id='word_1_244' title='bbox 319 1709 549 1759; x_wconf 56' lang='lat' dir='ltr'>Bonamicus,</span> <span class='ocrx_word' id='word_1_245' title='bbox 580 1708 617 1748; x_wconf 83' lang='lat'>8&lt;</span> <span class='ocrx_word' id='word_1_246' title='bbox 639 1707 854 1748; x_wconf 85' lang='lat' dir='ltr'>Historicus</span> <span class='ocrx_word' id='word_1_247' title='bbox 874 1709 1082 1748; x_wconf 86' lang='lat' dir='ltr'>Naturalis</span> <span class='ocrx_word' id='word_1_248' title='bbox 1107 1708 1379 1758; x_wconf 82' lang='lat' dir='ltr'>Florentinus,</span> <span class='ocrx_word' id='word_1_249' title='bbox 1400 1709 1577 1762; x_wconf 88' lang='lat' dir='ltr'>mihique</span> 
     </span>
     <span class='ocr_line' id='line_1_27' title="bbox 135 1764 1582 1818; baseline -0.001 -12"><span class='ocrx_word' id='word_1_250' title='bbox 135 1768 230 1806; x_wconf 90' lang='lat' dir='ltr'>dum</span> <span class='ocrx_word' id='word_1_251' title='bbox 252 1768 405 1807; x_wconf 88' lang='lat' dir='ltr'>viveret</span> <span class='ocrx_word' id='word_1_252' title='bbox 429 1777 588 1818; x_wconf 88' lang='lat' dir='ltr'>propter</span> <span class='ocrx_word' id='word_1_253' title='bbox 612 1765 822 1805; x_wconf 86' lang='lat' dir='ltr'>studiorum</span> <span class='ocrx_word' id='word_1_254' title='bbox 844 1764 1158 1818; x_wconf 67' lang='lat' dir='ltr'>conjuncffionem</span> <span class='ocrx_word' id='word_1_255' title='bbox 1183 1766 1452 1815; x_wconf 77' lang='lat' dir='ltr'>amicissimus,</span> <span class='ocrx_word' id='word_1_256' title='bbox 1484 1766 1582 1804; x_wconf 68' lang='lat' dir='ltr'>mui-</span> 
     </span>
     <span class='ocr_line' id='line_1_28' title="bbox 134 1821 1584 1876; baseline -0.001 -12"><span class='ocrx_word' id='word_1_257' title='bbox 134 1838 176 1865; x_wconf 83' lang='lat' dir='ltr'>ta</span> <span class='ocrx_word' id='word_1_258' title='bbox 202 1823 312 1875; x_wconf 86' lang='lat' dir='ltr'>hujus</span> <span class='ocrx_word' id='word_1_259' title='bbox 325 1822 584 1875; x_wconf 82' lang='lat' dir='ltr'>pulcherrimi</span> <span class='ocrx_word' id='word_1_260' title='bbox 597 1821 776 1860; x_wconf 88' lang='lat' dir='ltr'>Testacei</span> <span class='ocrx_word' id='word_1_261' title='bbox 798 1823 984 1872; x_wconf 80' lang='lat' dir='ltr'>exempla</span> <span class='ocrx_word' id='word_1_262' title='bbox 1008 1823 1163 1873; x_wconf 77' lang='lat' dir='ltr'>integra</span> <span class='ocrx_word' id='word_1_263' title='bbox 1184 1822 1300 1874; x_wconf 86' lang='lat' dir='ltr'>plane</span> <span class='ocrx_word' id='word_1_264' title='bbox 1320 1824 1455 1862; x_wconf 86' lang='lat' dir='ltr'>omnia</span> <span class='ocrx_word' id='word_1_265' title='bbox 1476 1837 1584 1876; x_wconf 85' lang='lat' dir='ltr'>repe-</span> 
     </span>
     <span class='ocr_line' id='line_1_29' title="bbox 135 1875 1586 1933; baseline -0.001 -11"><span class='ocrx_word' id='word_1_266' title='bbox 135 1884 288 1922; x_wconf 81' lang='lat' dir='ltr'>riuntur</span> <span class='ocrx_word' id='word_1_267' title='bbox 313 1877 389 1933; x_wconf 83' lang='lat' dir='ltr'>(a)</span> <span class='ocrx_word' id='word_1_268' title='bbox 410 1908 420 1917; x_wconf 87' lang='lat'><strong>.</strong></span> <span class='ocrx_word' id='word_1_269' title='bbox 453 1875 625 1917; x_wconf 81' lang='lat' dir='ltr'>Fortasse</span> <span class='ocrx_word' id='word_1_270' title='bbox 648 1879 779 1917; x_wconf 87' lang='lat' dir='ltr'>Terra</span> <span class='ocrx_word' id='word_1_271' title='bbox 800 1876 897 1916; x_wconf 85' lang='lat' dir='ltr'>haec</span> <span class='ocrx_word' id='word_1_272' title='bbox 919 1877 1179 1918; x_wconf 85' lang='lat' dir='ltr'>Certaldenfis</span> <span class='ocrx_word' id='word_1_273' title='bbox 1210 1877 1428 1928; x_wconf 86' lang='lat' dir='ltr'>hujusmodi</span> <span class='ocrx_word' id='word_1_274' title='bbox 1450 1881 1586 1920; x_wconf 76' lang='lat' dir='ltr'>Testa·</span> 
     </span>
     <span class='ocr_line' id='line_1_30' title="bbox 135 1933 1585 1990; baseline -0.002 -10"><span class='ocrx_word' id='word_1_275' title='bbox 135 1940 210 1980; x_wconf 89' lang='lat' dir='ltr'>ceis</span> <span class='ocrx_word' id='word_1_276' title='bbox 234 1938 380 1979; x_wconf 79' lang='lat' dir='ltr'>referta‘</span> <span class='ocrx_word' id='word_1_277' title='bbox 399 1966 411 1986; x_wconf 80' lang='lat'>,</span> <span class='ocrx_word' id='word_1_278' title='bbox 441 1950 491 1976; x_wconf 84' lang='lat' dir='ltr'>ex</span> <span class='ocrx_word' id='word_1_279' title='bbox 512 1933 680 1989; x_wconf 87' lang='lat' dir='ltr'>ipsomet</span> <span class='ocrx_word' id='word_1_280' title='bbox 700 1934 769 1974; x_wconf 82' lang='lat' dir='ltr'>illo</span> <span class='ocrx_word' id='word_1_281' title='bbox 790 1934 889 1974; x_wconf 83' lang='lat' dir='ltr'>colle</span> <span class='ocrx_word' id='word_1_282' title='bbox 920 1934 1041 1975; x_wconf 85' lang='lat' dir='ltr'>allata</span> <span class='ocrx_word' id='word_1_283' title='bbox 1061 1934 1115 1976; x_wconf 88' lang='lat' dir='ltr'>est</span> <span class='ocrx_word' id='word_1_284' title='bbox 1136 1965 1148 1986; x_wconf 84' lang='lat'>,</span> <span class='ocrx_word' id='word_1_285' title='bbox 1178 1947 1296 1989; x_wconf 85' lang='lat' dir='ltr'>atque</span> <span class='ocrx_word' id='word_1_286' title='bbox 1319 1951 1369 1976; x_wconf 86' lang='lat' dir='ltr'>ex</span> <span class='ocrx_word' id='word_1_287' title='bbox 1393 1937 1479 1990; x_wconf 82' lang='lat' dir='ltr'>ipsis</span> <span class='ocrx_word' id='word_1_288' title='bbox 1510 1950 1585 1977; x_wconf 88' lang='lat' dir='ltr'>tor-</span> 
     </span>
     <span class='ocr_line' id='line_1_31' title="bbox 134 1993 1582 2048; baseline -0.001 -11"><span class='ocrx_word' id='word_1_289' title='bbox 134 1997 306 2038; x_wconf 87' lang='lat' dir='ltr'>rentibus</span> <span class='ocrx_word' id='word_1_290' title='bbox 327 2025 339 2045; x_wconf 85' lang='lat'>,</span> <span class='ocrx_word' id='word_1_291' title='bbox 370 2008 470 2048; x_wconf 90' lang='lat' dir='ltr'>quae</span> <span class='ocrx_word' id='word_1_292' title='bbox 493 1994 692 2033; x_wconf 82' lang='lat' dir='ltr'>Boccatius</span> <span class='ocrx_word' id='word_1_293' title='bbox 723 1993 764 2032; x_wconf 92' lang='lat' dir='ltr'>in</span> <span class='ocrx_word' id='word_1_294' title='bbox 787 1994 880 2032; x_wconf 90' lang='lat' dir='ltr'><strong>VII.</strong></span> <span class='ocrx_word' id='word_1_295' title='bbox 903 1993 1023 2033; x_wconf 90' lang='lat' dir='ltr'>Libro</span> <span class='ocrx_word' id='word_1_296' title='bbox 1055 1994 1256 2047; x_wconf 87' lang='lat' dir='ltr'>Philocopi</span> <span class='ocrx_word' id='word_1_297' title='bbox 1277 1993 1331 2033; x_wconf 88' lang='lat' dir='ltr'>sui</span> <span class='ocrx_word' id='word_1_298' title='bbox 1353 2008 1550 2043; x_wconf 77' lang='lat' dir='ltr'>memorat</span> <span class='ocrx_word' id='word_1_299' title='bbox 1568 2025 1582 2046; x_wconf 88' lang='lat'>,</span> 
     </span>
     <span class='ocr_line' id='line_1_32' title="bbox 136 2051 1583 2110; baseline -0.001 -15"><span class='ocrx_word' id='word_1_300' title='bbox 136 2057 280 2110; x_wconf 84' lang='lat' dir='ltr'>quique</span> <span class='ocrx_word' id='word_1_301' title='bbox 313 2068 362 2093; x_wconf 84' lang='lat' dir='ltr'>ex</span> <span class='ocrx_word' id='word_1_302' title='bbox 391 2053 450 2091; x_wconf 89' lang='lat' dir='ltr'>his</span> <span class='ocrx_word' id='word_1_303' title='bbox 472 2051 631 2091; x_wconf 79' lang='lat' dir='ltr'>marinis</span> <span class='ocrx_word' id='word_1_304' title='bbox 652 2051 804 2091; x_wconf 82' lang='lat' dir='ltr'>exuviis</span> <span class='ocrx_word' id='word_1_305' title='bbox 835 2051 875 2090; x_wconf 91' lang='lat' dir='ltr'>in</span> <span class='ocrx_word' id='word_1_306' title='bbox 898 2063 1029 2091; x_wconf 89' lang='lat' dir='ltr'>monte</span> <span class='ocrx_word' id='word_1_307' title='bbox 1053 2052 1120 2091; x_wconf 86' lang='lat' dir='ltr'>illo</span> <span class='ocrx_word' id='word_1_308' title='bbox 1140 2053 1304 2105; x_wconf 83' lang='lat' dir='ltr'>repertis</span> <span class='ocrx_word' id='word_1_309' title='bbox 1325 2081 1337 2102; x_wconf 83' lang='lat'>,</span> <span class='ocrx_word' id='word_1_310' title='bbox 1368 2053 1405 2091; x_wconf 77' lang='lat'>8&lt;</span> <span class='ocrx_word' id='word_1_311' title='bbox 1436 2054 1477 2093; x_wconf 87' lang='lat' dir='ltr'>in</span> <span class='ocrx_word' id='word_1_312' title='bbox 1507 2065 1583 2093; x_wconf 90' lang='lat' dir='ltr'>tor-</span> 
     </span>
     <span class='ocr_line' id='line_1_33' title="bbox 134 2107 1588 2166; baseline -0.001 -13"><span class='ocrx_word' id='word_1_313' title='bbox 134 2113 308 2153; x_wconf 82' lang='lat' dir='ltr'>rentibus</span> <span class='ocrx_word' id='word_1_314' title='bbox 328 2111 427 2161; x_wconf 84' lang='lat' dir='ltr'>illis,</span> <span class='ocrx_word' id='word_1_315' title='bbox 459 2107 760 2161; x_wconf 81' lang='lat' dir='ltr'>Cataclysmum</span> <span class='ocrx_word' id='word_1_316' title='bbox 786 2121 898 2149; x_wconf 88' lang='lat' dir='ltr'>acute</span> <span class='ocrx_word' id='word_1_317' title='bbox 927 2108 1101 2163; x_wconf 78' lang='lat' dir='ltr'>agnoscit</span> <span class='ocrx_word' id='word_1_318' title='bbox 1124 2108 1223 2164; x_wconf 79' lang='lat' dir='ltr'><em>(b),</em></span> <span class='ocrx_word' id='word_1_319' title='bbox 1247 2124 1489 2166; x_wconf 85' lang='lat' dir='ltr'>quamquam</span> <span class='ocrx_word' id='word_1_320' title='bbox 1510 2114 1588 2152; x_wconf 72' lang='lat' dir='ltr'>Fa-</span> 
     </span>
    </p>
   </div>
   <div class='ocr_carea' id='block_1_3' title="bbox 140 2166 1530 2267">
    <p class='ocr_par' dir='ltr' id='par_1_4' title="bbox 140 2166 1530 2267">
     <span class='ocr_line' id='line_1_34' title="bbox 140 2166 1339 2222; baseline -0.002 -11"><span class='ocrx_word' id='word_1_321' title='bbox 140 2171 239 2211; x_wconf 80' lang='lat' dir='ltr'>bulis</span> <span class='ocrx_word' id='word_1_322' title='bbox 260 2169 393 2209; x_wconf 84' lang='lat' dir='ltr'>multis</span> <span class='ocrx_word' id='word_1_323' title='bbox 414 2181 525 2209; x_wconf 85' lang='lat' dir='ltr'>more</span> <span class='ocrx_word' id='word_1_324' title='bbox 545 2168 757 2208; x_wconf 84' lang='lat' dir='ltr'>Poetarum</span> <span class='ocrx_word' id='word_1_325' title='bbox 787 2181 873 2209; x_wconf 85' lang='lat' dir='ltr'>rem</span> <span class='ocrx_word' id='word_1_326' title='bbox 894 2180 1058 2207; x_wconf 88' lang='lat' dir='ltr'>omnem</span> <span class='ocrx_word' id='word_1_327' title='bbox 1079 2166 1339 2222; x_wconf 80' lang='lat' dir='ltr'>permisceat.</span> 
     </span>
     <span class='ocr_line' id='line_1_35' title="bbox 1130 2227 1530 2267; baseline 0.005 -2"><span class='ocrx_word' id='word_1_328' title='bbox 1130 2227 1163 2265; x_wconf 87' lang='lat' dir='ltr'>B</span> <span class='ocrx_word' id='word_1_329' title='bbox 1223 2238 1250 2266; x_wconf 78' lang='lat'>2</span> <span class='ocrx_word' id='word_1_330' title='bbox 1425 2228 1465 2267; x_wconf 89' lang='lat' dir='ltr'><em>C</em></span> <span class='ocrx_word' id='word_1_331' title='bbox 1474 2229 1530 2267; x_wconf 86' lang='lat' dir='ltr'>A·</span> 
     </span>
    </p>
   </div>
   <div class='ocr_carea' id='block_1_4' title="bbox 160 2320 1586 2553">
    <p class='ocr_par' dir='ltr' id='par_1_5' title="bbox 160 2320 1586 2553">
     <span class='ocr_line' id='line_1_36' title="bbox 160 2320 1584 2361; baseline -0.003 -8"><span class='ocrx_word' id='word_1_332' title='bbox 160 2325 217 2361; x_wconf 80' lang='lat' dir='ltr'>(a)</span> <span class='ocrx_word' id='word_1_333' title='bbox 238 2326 335 2353; x_wconf 74' lang='lat' dir='ltr'>Verum</span> <span class='ocrx_word' id='word_1_334' title='bbox 355 2335 388 2352; x_wconf 75' lang='lat' dir='ltr'>ex</span> <span class='ocrx_word' id='word_1_335' title='bbox 409 2322 514 2351; x_wconf 76' lang='lat' dir='ltr'>litteris</span> <span class='ocrx_word' id='word_1_336' title='bbox 533 2332 604 2360; x_wconf 81' lang='lat' dir='ltr'>quas</span> <span class='ocrx_word' id='word_1_337' title='bbox 618 2329 702 2360; x_wconf 79' lang='lat' dir='ltr'>nuper</span> <span class='ocrx_word' id='word_1_338' title='bbox 719 2322 762 2351; x_wconf 75' lang='lat' dir='ltr'>ad</span> <span class='ocrx_word' id='word_1_339' title='bbox 780 2333 823 2351; x_wconf 73' lang='lat' dir='ltr'>me</span> <span class='ocrx_word' id='word_1_340' title='bbox 844 2322 980 2352; x_wconf 80' lang='lat' dir='ltr'>dederunt</span> <span class='ocrx_word' id='word_1_341' title='bbox 998 2322 1046 2350; x_wconf 85' lang='lat' dir='ltr'>Vir</span> <span class='ocrx_word' id='word_1_342' title='bbox 1066 2320 1241 2358; x_wconf 71' lang='lat' dir='ltr'>Clamffimus</span> <span class='ocrx_word' id='word_1_343' title='bbox 1261 2320 1400 2350; x_wconf 69' lang='lat' dir='ltr'>Nicolaus</span> <span class='ocrx_word' id='word_1_344' title='bbox 1418 2321 1584 2350; x_wconf 65' lang='lat' dir='ltr'>Gualterius·</span> 
     </span>
     <span class='ocr_line' id='line_1_37' title="bbox 276 2361 1585 2398; baseline -0.003 -7"><span class='ocrx_word' id='word_1_345' title='bbox 276 2365 322 2391; x_wconf 85' lang='lat' dir='ltr'>M.</span> <span class='ocrx_word' id='word_1_346' title='bbox 332 2364 371 2391; x_wconf 92' lang='lat' dir='ltr'>D.</span> <span class='ocrx_word' id='word_1_347' title='bbox 392 2363 507 2390; x_wconf 58' lang='lat' dir='ltr'>Etru-six</span> <span class='ocrx_word' id='word_1_348' title='bbox 527 2361 675 2395; x_wconf 66' lang='lat' dir='ltr'>Medicus,</span> <span class='ocrx_word' id='word_1_349' title='bbox 696 2361 866 2398; x_wconf 71' lang='lat' dir='ltr'>&amp;joannes</span> <span class='ocrx_word' id='word_1_350' title='bbox 882 2361 1045 2390; x_wconf 70' lang='lat' dir='ltr'>Vincentius</span> <span class='ocrx_word' id='word_1_351' title='bbox 1061 2362 1224 2398; x_wconf 71' lang='lat' dir='ltr'>Casponius</span> <span class='ocrx_word' id='word_1_352' title='bbox 1238 2361 1397 2388; x_wconf 75' lang='lat' dir='ltr'>Canonlcus</span> <span class='ocrx_word' id='word_1_353' title='bbox 1407 2361 1585 2388; x_wconf 69' lang='lat' dir='ltr'>Florentinus</span> 
     </span>
     <span class='ocr_line' id='line_1_38' title="bbox 277 2399 1586 2438; baseline -0.003 -8"><span class='ocrx_word' id='word_1_354' title='bbox 277 2402 325 2430; x_wconf 74' lang='lat' dir='ltr'>Vir</span> <span class='ocrx_word' id='word_1_355' title='bbox 340 2400 548 2437; x_wconf 69' lang='lat' dir='ltr'>Nohilzffivms,</span> <span class='ocrx_word' id='word_1_356' title='bbox 569 2400 607 2430; x_wconf 42' lang='grc' dir='ltr'>(Δ)</span> <span class='ocrx_word' id='word_1_357' title='bbox 627 2401 662 2428; x_wconf 83' lang='lat' dir='ltr'>de</span> <span class='ocrx_word' id='word_1_358' title='bbox 676 2400 796 2435; x_wconf 68' lang='lat' dir='ltr'>Hz&#39;storia</span> <span class='ocrx_word' id='word_1_359' title='bbox 812 2403 929 2429; x_wconf 71' lang='lat' dir='ltr'>Naturae</span> <span class='ocrx_word' id='word_1_360' title='bbox 950 2400 1051 2438; x_wconf 72' lang='lat' dir='ltr'>optime</span> <span class='ocrx_word' id='word_1_361' title='bbox 1071 2400 1186 2427; x_wconf 60' lang='lat' dir='ltr'>meritus</span> <span class='ocrx_word' id='word_1_362' title='bbox 1201 2420 1210 2433; x_wconf 89' lang='lat'>‚</span> <span class='ocrx_word' id='word_1_363' title='bbox 1231 2399 1346 2437; x_wconf 76' lang='lat' dir='ltr'>cognovi</span> <span class='ocrx_word' id='word_1_364' title='bbox 1365 2401 1480 2427; x_wconf 82' lang='lat' dir='ltr'>Terram</span> <span class='ocrx_word' id='word_1_365' title='bbox 1500 2400 1586 2427; x_wconf 81' lang='lat' dir='ltr'>illam</span> 
     </span>
     <span class='ocr_line' id='line_1_39' title="bbox 279 2437 1585 2476; baseline -0.002 -9"><span class='ocrx_word' id='word_1_366' title='bbox 279 2440 416 2468; x_wconf 60' lang='lat' dir='ltr'>Michezii</span> <span class='ocrx_word' id='word_1_367' title='bbox 437 2451 488 2468; x_wconf 77' lang='lat' dir='ltr'>mm</span> <span class='ocrx_word' id='word_1_368' title='bbox 503 2439 628 2466; x_wconf 65' lang='lat' dir='ltr'>allatam</span> <span class='ocrx_word' id='word_1_369' title='bbox 647 2438 726 2475; x_wconf 71' lang='lat' dir='ltr'>fuisse·</span> <span class='ocrx_word' id='word_1_370' title='bbox 745 2451 777 2467; x_wconf 67' lang='lat' dir='ltr'>ex</span> <span class='ocrx_word' id='word_1_371' title='bbox 792 2440 927 2468; x_wconf 70' lang='lat' dir='ltr'>Certaldo</span> <span class='ocrx_word' id='word_1_372' title='bbox 947 2438 1064 2473; x_wconf 65' lang='lat' dir='ltr'>illustris</span> <span class='ocrx_word' id='word_1_373' title='bbox 1079 2439 1208 2467; x_wconf 48' lang='lat' dir='ltr'>Boccizcii</span> <span class='ocrx_word' id='word_1_374' title='bbox 1219 2439 1316 2476; x_wconf 76' lang='lat' dir='ltr'>patria</span> <span class='ocrx_word' id='word_1_375' title='bbox 1333 2458 1341 2471; x_wconf 93' lang='lat'>,</span> <span class='ocrx_word' id='word_1_376' title='bbox 1358 2437 1413 2475; x_wconf 53' lang='grc' dir='ltr'>βό</span> <span class='ocrx_word' id='word_1_377' title='bbox 1428 2450 1460 2466; x_wconf 72' lang='lat' dir='ltr'>ex</span> <span class='ocrx_word' id='word_1_378' title='bbox 1474 2437 1531 2465; x_wconf 79' lang='lat' dir='ltr'>alio</span> <span class='ocrx_word' id='word_1_379' title='bbox 1546 2439 1585 2465; x_wconf 88' lang='lat' dir='ltr'>lo-</span> 
     </span>
     <span class='ocr_line' id='line_1_40' title="bbox 276 2476 1585 2517; baseline -0.002 -11"><span class='ocrx_word' id='word_1_380' title='bbox 276 2489 305 2506; x_wconf 90' lang='lat' dir='ltr'>co</span> <span class='ocrx_word' id='word_1_381' title='bbox 327 2479 356 2506; x_wconf 83' lang='lat' dir='ltr'>in</span> <span class='ocrx_word' id='word_1_382' title='bbox 372 2481 444 2517; x_wconf 77' lang='lat' dir='ltr'>Agro</span> <span class='ocrx_word' id='word_1_383' title='bbox 460 2479 562 2515; x_wconf 62' lang='lat' dir='ltr'>Pislmo</span> <span class='ocrx_word' id='word_1_384' title='bbox 585 2478 610 2506; x_wconf 88' lang='lat' dir='ltr'>S.</span> <span class='ocrx_word' id='word_1_385' title='bbox 627 2477 780 2508; x_wconf 71' lang='lat' dir='ltr'>Giovanni</span> <span class='ocrx_word' id='word_1_386' title='bbox 796 2478 871 2508; x_wconf 76' lang='lat' dir='ltr'>della</span> <span class='ocrx_word' id='word_1_387' title='bbox 888 2479 970 2507; x_wconf 73' lang='lat' dir='ltr'>Vena</span> <span class='ocrx_word' id='word_1_388' title='bbox 985 2477 1076 2511; x_wconf 61' lang='lat'>(1150,</span> <span class='ocrx_word' id='word_1_389' title='bbox 1097 2477 1177 2514; x_wconf 57' lang='lat' dir='ltr'>cajus</span> <span class='ocrx_word' id='word_1_390' title='bbox 1190 2478 1277 2505; x_wconf 76' lang='lat' dir='ltr'>Terrae</span> <span class='ocrx_word' id='word_1_391' title='bbox 1296 2476 1355 2506; x_wconf 76' lang='lat' dir='ltr'>Vin·</span> <span class='ocrx_word' id='word_1_392' title='bbox 1370 2476 1514 2512; x_wconf 59' lang='lat' dir='ltr'>dofhffimi</span> <span class='ocrx_word' id='word_1_393' title='bbox 1522 2476 1585 2514; x_wconf 69' lang='lat' dir='ltr'>spe-</span> 
     </span>
     <span class='ocr_line' id='line_1_41' title="bbox 277 2516 768 2553; baseline 0 -8"><span class='ocrx_word' id='word_1_394' title='bbox 277 2517 364 2545; x_wconf 80' lang='lat' dir='ltr'>cimen</span> <span class='ocrx_word' id='word_1_395' title='bbox 385 2518 425 2545; x_wconf 79' lang='lat' dir='ltr'>ad</span> <span class='ocrx_word' id='word_1_396' title='bbox 440 2529 482 2545; x_wconf 80' lang='lat' dir='ltr'>me</span> <span class='ocrx_word' id='word_1_397' title='bbox 503 2518 600 2545; x_wconf 76' lang='lat' dir='ltr'>iterum</span> <span class='ocrx_word' id='word_1_398' title='bbox 622 2516 768 2553; x_wconf 53' lang='lat' dir='ltr'>misenum.</span> 
     </span>
    </p>
   </div>
   <div class='ocr_carea' id='block_1_5' title="bbox 161 2552 1584 2631">
    <p class='ocr_par' dir='ltr' id='par_1_6' title="bbox 161 2552 1584 2631">
     <span class='ocr_line' id='line_1_42' title="bbox 161 2552 1584 2631; baseline -0.001 -47"><span class='ocrx_word' id='word_1_399' title='bbox 161 2556 219 2611; x_wconf 77' lang='lat' dir='ltr'>(b)</span> <span class='ocrx_word' id='word_1_400' title='bbox 241 2557 308 2585; x_wconf 74' lang='lat' dir='ltr'>Boc.</span> <span class='ocrx_word' id='word_1_401' title='bbox 329 2557 358 2585; x_wconf 78' lang='lat' dir='ltr'>in</span> <span class='ocrx_word' id='word_1_402' title='bbox 374 2556 516 2596; x_wconf 65' lang='lat' dir='ltr'>Philocop.</span> <span class='ocrx_word' id='word_1_403' title='bbox 538 2555 558 2584; x_wconf 88' lang='lat' dir='ltr'>l.</span> <span class='ocrx_word' id='word_1_404' title='bbox 573 2564 601 2594; x_wconf 90' lang='lat'>7.</span> <span class='ocrx_word' id='word_1_405' title='bbox 622 2555 710 2585; x_wconf 73' lang='lat' dir='ltr'>Nessa</span> <span class='ocrx_word' id='word_1_406' title='bbox 730 2555 876 2586; x_wconf 75' lang='lat' dir='ltr'>fruttifera</span> <span class='ocrx_word' id='word_1_407' title='bbox 896 2554 981 2585; x_wconf 72' lang='lat' dir='ltr'>Italia</span> <span class='ocrx_word' id='word_1_408' title='bbox 1002 2554 1074 2585; x_wconf 80' lang='lat' dir='ltr'>ssede</span> <span class='ocrx_word' id='word_1_409' title='bbox 1094 2565 1151 2585; x_wconf 83' lang='lat' dir='ltr'>una</span> <span class='ocrx_word' id='word_1_410' title='bbox 1170 2555 1294 2594; x_wconf 79' lang='lat' dir='ltr'>picciola</span> <span class='ocrx_word' id='word_1_411' title='bbox 1313 2561 1395 2593; x_wconf 81' lang='lat' dir='ltr'>parte</span> <span class='ocrx_word' id='word_1_412' title='bbox 1415 2552 1560 2631; x_wconf 48' lang='lat' dir='ltr'>dilaqgjga</span> <span class='ocrx_word' id='word_1_413' title='bbox 1574 2572 1584 2588; x_wconf 88' lang='lat'>,</span> 
     </span>
    </p>
   </div>
  </div>
 </body>
</html>
