1951 3085
467 204 529 272 36
735 198 1478 256 DECONCHIS

391 312 456 351 An
476 324 571 351 vero
591 307 819 349 mollescant
840 307 987 347 Cancri
1009 320 1144 347 omnes
1176 321 1254 347 non
1275 306 1396 347 ausim
1416 307 1632 348 affirmare.
1665 307 1840 347 Cancros

391 370 497 408 enim
519 367 603 406 illos
625 367 790 421 majores
811 366 980 419 Paguros
999 365 1035 404 8<
1054 364 1182 418 Majas
1203 363 1345 416 (fletos,
1377 378 1470 418 quos
1487 364 1604 405 nostri
1626 362 1839 405 Granceole

390 424 580 465 vocabulo
601 438 689 464 cum
701 422 862 463 Venetis
874 436 1081 462 commune
1093 423 1316 477 appellant,
1336 436 1553 477 numquam
1574 423 1712 462 molles
1732 421 1837 462 vidi.

390 484 574 535 Denique
596 480 820 536 personatus
840 481 1133 535 aliquantulum
1164 481 1217 520 est
1246 481 1311 520 hic
1332 482 1489 522 Cancer
1509 511 1521 533 ,
1552 480 1615 521 sed
1646 480 1739 535 quid
1769 480 1839 519 fibi

390 540 488 581 velit
510 541 607 581 haec
627 553 707 580 vox
738 538 914 593 sequenti
935 539 1063 592 capite
1084 536 1387 578 declarabimus.

388 635 1840 668 &QmQQQQQQQQQNQAQQQQQQQQW

783 715 1247 769 CAPVT
1347 715 1436 767 ΙΙ..

391 827 656 868 CANCER
692 828 973 866 H1RsvTvs
1017 825 1370 866 PERsonA-rvs
1404 825 1578 864 MAR1s
1612 824 1841 876 SVPER1‚

452 896 637 926 VVLGo
670 884 866 924 Facchino
895 884 1342 925 ARIMINENSIBVS
1380 892 1603 922 DICTvs.

394 1003 428 1042 Ι.
587 1000 878 1041 Ancrumhunc
899 1000 1015 1054 longe
1038 998 1347 1054 pulcherrimum
1368 998 1488 1039 maris
1505 997 1623 1038 nostri
1646 996 1844 1048 accolam,

452 1017 485 1131 ⁴
615 1059 660 1098 de
682 1073 758 1112 quo
778 1058 969 1112 singulare
991 1059 1124 1111 Caput
1144 1058 1233 1097 heic
1263 1071 1339 1096 non
1362 1057 1564 1096 immerito
1585 1057 1846 1106 instituimus,

616 1130 734 1156 nemo
756 1116 857 1170 quod
879 1114 995 1156 sciam
1016 1114 1233 1169 descripsit.
1255 1117 1449 1155 Larvatus
1469 1115 1577 1154 enim
1599 1115 1651 1154 est
1673 1114 1738 1154 seu
1758 1117 1847 1154 Per-

396 1175 581 1225 sonatuS,
611 1187 652 1214 ut
674 1173 770 1214 facie
792 1175 965 1213 humana
998 1173 1245 1227 aliquantum
1276 1184 1411 1213 tamen
1442 1171 1659 1224 depravata
1693 1173 1848 1224 penitus

396 1233 470 1275 esse
494 1232 694 1272 videatur.
729 1232 873 1271 Oculos
893 1232 999 1271 enim
1014 1260 1025 1281 ,
1044 1232 1213 1280 Nareis,
1247 1242 1297 1269 os
1315 1259 1327 1279 ,
1361 1241 1478 1282 atque
1497 1228 1682 1268 Pilosillos
1699 1229 1845 1284 longio-

397 1306 459 1332 res
479 1290 597 1330 Labri
618 1287 844 1343 superioris,
876 1302 970 1342 quos
989 1286 1154 1338 μύς-ακας
1174 1287 1317 1328 Graeci
1339 1298 1480 1327 vocant
1510 1300 1589 1326 non
1619 1285 1776 1328 obscure
1807 1301 1848 1327 0-

397 1349 562 1398 stentat,
594 1359 635 1387 ut
659 1348 700 1386 in
720 1346 878 1387 Tabula
896 1348 944 1384 V.
978 1345 1101 1399 figura
1122 1347 1153 1384 I.
1186 1345 1320 1386 videre
1341 1344 1416 1385 est,
1448 1344 1541 1384 Itali
1562 1344 1704 1385 faciem
1725 1343 1851 1397 hujus:-

397 1406 506 1446 modi
526 1407 743 1446 humanam
764 1404 1025 1457 depravatam
1046 1403 1273 1455 Mascarone
1302 1403 1422 1457 vulgo
1445 1402 1648 1456 appellant
1670 1433 1679 1442 .
1713 1402 1850 1442 Nostri

399 1466 604 1505 Cancrum
624 1462 727 1501 hunc
759 1460 954 1501 Facchino
987 1471 1154 1510 vocant,
1186 1460 1288 1513 quod
1309 1462 1413 1513 turpi
1434 1460 1532 1500 facie
1554 1459 1622 1511 sit,
1646 1461 1757 1501 velut
1781 1462 1853 1499 Ba-

399 1522 492 1575 juli,
524 1521 668 1573 aliique
688 1518 799 1572 hujus
820 1518 971 1573 generis
993 1517 1151 1559 viliores
1172 1519 1388 1558 Homines.
1423 1518 1579 1558 Cancer
1600 1517 1725 1558 noster
1745 1518 1852 1557 Lati-

399 1593 465 1634 pes
486 1578 681 1632 vulgaris,
701 1589 744 1617 ut
767 1576 879 1631 supra
899 1576 1121 1625 innuimus,
1141 1575 1433 1630 aliquantulum
1453 1575 1629 1615 larvatus
1659 1574 1738 1629 ipse
1759 1589 1853 1629 quo-

400 1651 476 1691 que
499 1635 576 1686 est,
606 1634 669 1676 sed
693 1649 771 1674 non
792 1636 848 1674 ita
869 1634 974 1675 clara
994 1635 1032 1673 &
1051 1632 1229 1674 distincla
1249 1633 1348 1675 facie
1370 1645 1411 1674 ut
1432 1631 1632 1688 praesens.
1666 1632 1853 1674 Hirsutus

400 1694 465 1734 hic
487 1706 589 1734 totus
611 1693 664 1733 est
687 1695 726 1733 in
746 1692 869 1743 facie,
899 1693 935 1731 8(
958 1694 998 1732 in
1018 1692 1202 1746 pedibus,
1233 1705 1277 1732 ac
1298 1693 1338 1731 in
1361 1703 1445 1732 toto
1468 1691 1634 1745 denique
1666 1705 1852 1745 corpore.

401 1751 549 1792 Chelas
569 1749 633 1792 seu
654 1750 774 1791 Pedes
795 1750 915 1790 habet
936 1750 1096 1800 decem,
1126 1762 1168 1790 ut
1187 1751 1311 1790 ceteri
1332 1750 1480 1789 Cancri
1500 1762 1660 1799 omnes,
1682 1763 1776 1803 quos
1796 1750 1854 1790 vi-

402 1809 465 1859 di,
496 1820 675 1847 attamen
696 1819 860 1860 propter
881 1809 1029 1847 lineam
1050 1805 1241 1846 hirsutam
1261 1806 1477 1858 quamdam
1499 1805 1720 1847 exstantem
1739 1808 1778 1846 δε
1797 1808 1852 1862 ip-

398 1865 506 1915 sam,
537 1878 637 1917 quae
659 1865 783 1903 Ferae
804 1865 888 1901 loco
909 1862 1103 1911 μυςοῖκων,
1133 1873 1175 1901 ut
1195 1861 1306 1912 dixi,
1325 1862 1400 1911 est,
1420 1862 1625 1902 duodecim
1637 1863 1755 1903 Pedes
1775 1864 1852 1916 pri-

399 1936 468 1963 mo
499 1919 654 1975 aspeRu
684 1933 822 1973 gerere
855 1919 1011 1959 videtur
1031 1947 1041 1956 .
1072 1919 1174 1957 Dixi
1205 1917 1342 1959 decem
1360 1918 1476 1972 pedes
1489 1918 1643 1960 habere
1674 1921 1850 1962 Cancros

401 1980 576 2029 omneis,
594 1990 689 2019 nam
710 1977 747 2016 8<
767 1977 871 2016 inter
888 1974 1003 2030 pedes
1021 1977 1230 2017 numeravi
1250 1974 1465 2030 superiores
1485 1976 1572 2017 illos
1593 1978 1768 2032 Forcipis
1789 1994 1855 2020 cu·

403 2036 551 2091 jusdam
569 2034 708 2086 instar,
725 2048 820 2088 quos
841 2034 991 2074 Chelas
1011 2035 1165 2088 proprie
1189 2033 1266 2074 dici
1285 2048 1364 2074 non
1384 2035 1544 2090 ignoro.
1576 2035 1695 2076 Fulvi
1715 2036 1855 2078 coloris

406 2093 484 2145 est,
504 2094 540 2132 8<
561 2107 637 2132 non
656 2094 802 2146 ingrati
823 2091 989 2146 ἱερούς,
1009 2090 1074 2131 sed
1096 2105 1119 2131 a
1138 2091 1274 2132 nostris
1296 2092 1532 2148 negligitur.
1563 2094 1726 2148 Propter
1747 2097 1857 2137 enim

405 2152 608 2193 variorum
620 2149 787 2190 Piscium
807 2151 984 2204 copiam,
1004 2161 1121 2203 atque
1135 2150 1384 2201 Ostreorum,
1404 2151 1505 2206 apud
1526 2164 1593 2190 nos
1613 2152 1746 2192 viliori
1767 2153 1856 2195 sunt

405 2209 536 2263 pretio
556 2209 703 2247 Cancri
724 2220 861 2249 omnes
880 2235 893 2259 ‚
923 2220 1091 2261 excepta
1110 2209 1278 2248 Femina
1300 2208 1455 2262 majoris
1474 2209 1605 2260 illius,
1634 2210 1746 2265 Maja
1760 2242 1772 2263 ,
1792 2211 1857 2254 seu

406 2268 560 2320 Paguro
582 2265 745 2306 secundo
776 2266 826 2307 ab
845 2264 1102 2306 Aldrovando
1121 2264 1224 2306 dicta
1245 2296 1257 2318 ‚
1287 2281 1386 2321 quae
1417 2266 1676 2308 Nobiliorum
1706 2270 1856 2310 Mensis

410 2324 608 2363 interdurn
630 2324 859 2377 apponitur.
894 2324 1032 2364 Ceteri
1053 2321 1294 2365 sordescunt.

465 2383 519 2419 ΙΙ.
552 2383 707 2435 Longus
738 2381 856 2422 essem
886 2381 912 2420 fi
944 2381 1091 2422 vellem
1122 2395 1266 2436 genera
1296 2384 1430 2424 omnia
1460 2384 1708 2425 Cancrorum
1738 2384 1856 2427 nostri

410 2438 573 2478 Littoris
594 2439 680 2478 heic
692 2439 928 2481 describere.
953 2440 1090 2480 Paucis
1110 2451 1243 2482 tamen
1264 2441 1458 2496 quaedam
1480 2456 1615 2483 eorum
1636 2444 1853 2499 attingam.

411 2497 572 2537 Praeter
592 2497 791 2537 Cancrum
811 2496 1005 2538 hirsutum
1025 2497 1062 2538 8<
1081 2498 1339 2543 Personarum
1359 2499 1433 2544 hoc
1454 2501 1598 2558 Capite
1619 2500 1858 2556 descriptum

1688 2574 1795 2615 repe-
