1951 3085
447 157 575 250 v78.
804 177 1512 234 SPECIME·N

420 295 637 334 Refiuxum
659 288 851 344 majorem
883 287 956 328 effe
988 287 1114 328 altero
1135 287 1266 328 Fluxu
1283 317 1294 339 ,
1326 288 1363 328 8<
1382 289 1583 340 Refluxu‚
1614 287 1763 328 Hieme
1795 288 1883 342 qui*

421 351 512 393 dem
532 349 728 404 Vespere3
750 346 912 388 Aestate
933 359 1028 386 vero
1049 344 1200 387 summo
1221 360 1336 387 mane
1357 346 1430 386 hoc
1450 345 1655 387 observavi
1673 376 1682 386 .
1706 346 1771 387 Ad
1799 349 1879 387 Ae-

422 409 522 450 stum
551 409 678 449 Maris
710 406 886 448 conferre
919 405 1042 445 etiam
1063 405 1195 445 Solem
1215 435 1227 456 ,
1258 406 1384 444 immo
1404 404 1531 459 ipsum
1554 405 1656 458 apud
1677 418 1743 444 nos
1774 405 1878 445 diur-

421 481 518 507 num
550 468 586 506 8(
608 479 782 507 annuum
802 463 950 504 aestum
971 476 1106 518 regere
1126 492 1138 514 ‚
1170 465 1327 503 Lunam
1359 477 1453 503 vero
1487 462 1728 503 menstruum
1752 493 1762 504 .
1795 465 1880 504 Ha-

421 525 633 566 driaticum
654 525 792 564 Sinum
823 522 1056 576 plerumque
1078 521 1161 576 plus
1182 523 1322 575 Aquae
1344 522 1545 561 continere
1561 522 1734 572 Hieme,
1756 535 1881 575 quam

423 583 614 635 Aestate3
648 597 770 637 quare
791 579 1101 621 Intumescentia
1122 581 1247 620 Maris
1261 610 1272 631 ,
1292 578 1666 621 &Detum‘escentia
1688 593 1766 620 non
1785 579 1882 618 mul-

423 654 513 683 tum
534 643 691 683 variant
712 642 861 681 Hieme
893 640 929 678 8(
951 638 1135 689 Aestate,
1166 638 1203 678 8(
1227 638 1253 678 fi
1276 639 1434 679 variant
1457 637 1498 679 id
1519 637 1659 678 accidit
1683 650 1882 692 compara-

424 712 464 741 te
488 730 497 739 .
530 702 647 739 Mare
679 700 719 738 in
740 698 870 738 medio
892 697 1040 737 Fluxus
1055 726 1067 747 ‚
1098 696 1315 751 itidemque
1337 698 1376 736 in
1399 697 1528 737 medio
1552 698 1747 736 Refluxus
1779 694 1891 736 velo·

424 759 504 798 cuius
525 769 708 797 movetur
728 785 739 806 ,
771 757 806 795 8(
829 754 1069 796 ascendendo
1101 755 1167 794 vel
1197 754 1461 796 descendendo
1491 754 1782 810 quodammodo
1813 751 1883 793 sal-

423 827 485 855 tat
507 845 517 855 .
550 817 660 854 Inter
680 814 854 854 Fluxum
886 814 923 851 8(
944 815 1162 854 Refluxum
1194 813 1454 867 Aquistitium
1474 813 1615 853 accidit
1636 841 1656 863 ‚.
1679 811 1783 866 quod
1815 823 1884 865 per

424 874 579 928 aliquot
610 872 727 912 horas
758 870 957 911 interdum
988 870 1103 911 durat
1123 901 1132 910 .
1166 872 1288 911 Venti
1320 871 1487 912 violenti
1519 871 1690 912 efficiunt
1723 869 1885 924 quidem

425 944 469 972 ut
495 931 621 985 magis
642 928 805 970 fluctuet
828 931 969 980 Mare,
1000 930 1038 968 8(
1060 930 1184 984 magis
1205 928 1466 979 extendatur,
1497 943 1575 968 non
1597 929 1768 969 efficiunt
1791 940 1887 968 vero

428 1002 474 1030 ut
506 989 680 1029 multum
700 1001 878 1039 tumeat;
911 990 1063 1028 Tumet
1086 999 1219 1028 tamen
1254 987 1355 1042 apud
1378 1001 1447 1027 nos
1468 987 1634 1028 instante
1668 986 1731 1027 vel
1765 988 1886 1026 flante

425 1046 638 1088 Subsolauo
670 1046 707 1085 8(
728 1045 897 1086 Austro.
931 1046 1185 1098 Deprimitur
1216 1059 1311 1085 vero
1343 1048 1465 1087 flante
1488 1047 1623 1087 Circio
1655 1045 1692 1084 8(
1724 1043 1888 1099 Aquilo-

426 1119 476 1146 ne
509 1105 534 1144 fi
557 1104 629 1144 sint
651 1103 824 1143 diuturni
846 1133 854 1142 .
890 1103 1079 1159 Qtalibet
1101 1103 1213 1142 Hora
1245 1104 1282 1142 8(
1305 1104 1482 1157 quolibet
1503 1106 1634 1145 Vento
1653 1103 1771 1143 modo
1792 1105 1821 1142 is
1843 1100 1888 1141 fit

429 1163 630 1203 violentus
662 1159 824 1201 fluRuat
847 1163 988 1211 Mare,
1019 1171 1161 1200 tamen
1187 1161 1423 1201 naturaliter
1455 1163 1581 1214 magis
1602 1159 1791 1199 fluetuare
1825 1173 1890 1213 ap-

428 1235 476 1275 pe
471 1232 544 1261 ret
566 1232 745 1273 tempore
768 1219 916 1258 Fluxus
947 1232 1067 1271 quarn
1092 1230 1271 1272 tempore
1292 1192 1735 1275 Reflt1xus.bQ1iet11n1
1770 1218 1890 1271 igitur

430 1280 470 1318 8(
490 1277 751 1331 tranquillum
784 1277 909 1331 magis
931 1275 1007 1326 est,
1038 1275 1199 1315 Aestate
1222 1275 1383 1329 quidem
1406 1274 1558 1315 summo
1580 1288 1721 1327 mane,
1741 1275 1890 1316 Hieme

427 1351 525 1378 vero
546 1335 748 1377 occidente
761 1309 875 1375 Soleo.
908 1336 1025 1375 Mare
1047 1333 1215 1388 denique
1239 1333 1412 1374 nostrum
1433 1335 1626 1388 Superum
1647 1347 1784 1376 revera
1804 1346 1891 1387 pro-

431 1396 624 1450 prietates
655 1392 814 1445 alicujus
845 1393 983 1446 magni
1014 1392 1174 1432 Fluenti
1206 1392 1327 1432 habet
1350 1421 1369 1443 ‚
1401 1406 1524 1457 quum
1555 1391 1725 1433 Cursum
1757 1404 1891 1446 quem-

432 1453 525 1494 dam
546 1462 782 1506 perpetuum
815 1450 863 1490 ab
896 1449 999 1491 aestu
1032 1448 1230 1489 diversum
1262 1449 1391 1491 servet
1412 1480 1424 1501 ,
1456 1451 1496 1490 in
1519 1451 1647 1492 Alveo
1668 1449 1733 1490 suo
1764 1450 1892 1490 elev—e

431 1524 521 1561 tur,
553 1525 576 1550 a
598 1510 710 1550 terris
732 1508 966 1562 quibusdam
986 1507 1186 1548 interdum
1209 1508 1387 1559 recedat,
1419 1509 1457 1548 8(
1479 1508 1574 1549 alias
1595 1508 1810 1549 Alluvione
1832 1521 1893 1546 oc-

434 1580 576 1623 cupet,
609 1567 675 1607 vel
696 1567 897 1606 corrodat.
929 1565 1006 1606 Sed
1029 1565 1192 1605 receffus
1219 1565 1278 1605 isti
1311 1566 1606 1621 alluvionesque
1639 1567 1677 1606 8(
1696 1565 1892 1606 Corrofio-

433 1640 501 1668 nes
533 1624 635 1681 apud
654 1639 722 1666 nos
753 1638 831 1665 non
853 1622 940 1664 iunt
972 1637 1031 1666 res
1050 1623 1316 1666 immodicae

761 1739 1571 1794 APPENDJX.

574 1862 669 1902 EIC
704 1858 914 1902 Coronidis
937 1888 949 1910 ,
979 1870 1023 1899 ut
1055 1860 1164 1912 ajunt
1183 1887 1196 1910 ‚
1226 1858 1312 1898 loco
1343 1860 1599 1914 apponendae
1630 1859 1753 1902 essent
1785 1864 1905 1917 quin--

593 1918 809 1973 quennales
839 1916 997 1959 nostrae
1014 1916 1323 1958 Observationes
1341 1946 1353 1967 ,
1384 1917 1449 1958 seu
1471 1918 1756 1973 Ephemerides
1776 1923 1894 1961 mari-

431 1992 530 2028 nae,
561 1991 661 2032 quae
684 1976 962 2016 confirmarent
982 1988 1052 2027 ea,
1083 1989 1183 2030 quae
1205 1990 1260 2016 ex*
1278 1975 1365 2029 ipfis
1385 1977 1644 2031 excerpsimus
1667 2007 1679 2029 ‚
1713 1990 1830 2033 atque
1854 1981 1897 2020 in

436 2036 541 2076 hunc
554 2036 721 2075 Librum
741 2034 1001 2085 contulimus,
1031 2046 1074 2074 ut
1094 2035 1146 2073 iis?
1162 2034 1229 2087 qui
1249 2034 1346 2074 haec
1368 2034 1535 2090 legerint
1560 2034 1679 2075 fidem
1700 2030 1871 2078 facerem
1884 2068 1902 2078 0

439 2095 592 2133 Verum
625 2093 668 2132 hi
698 2092 724 2132 fi
755 2092 850 2133 haec
883 2106 983 2146 quae
1006 2092 1267 2147 excerpsrmus
1298 2107 1375 2133 non
1408 2093 1568 2135 credant
1590 2123 1602 2144 ,
1633 2093 1750 2135 fidem
1773 2097 1899 2137 etiarn

433 2165 520 2191 non
540 2150 781 2191 adhibebunt
802 2150 1131 2215 Ephemeridibus
1159 2151 1490 2207 quibuscumque.
1525 2155 1659 2206 Quare
1684 2166 1899 2207 provocan-

436 2209 475 2249 di
496 2208 621 2250 effent
652 2221 694 2250 ut
715 2209 813 2249 haec
835 2209 1000 2264 propriis
1021 2208 1375 2250 Observationibus
1407 2213 1554 2251 iterum
1586 2224 1864 2264 experlrentur
1887 2242 1899 2264 ‚

435 2266 777 2321 quemadmodum
799 2269 886 2322 Ego
918 2278 960 2307 ut
981 2268 1238 2323 experiantur
1268 2283 1319 2309 ex
1350 2271 1474 2310 animi
1501 2268 1693 2310 sententia
1723 2283 1898 2324 provoco

441 2327 480 2366 8(
499 2339 639 2380 cupio.
676 2327 769 2366 Huc
792 2326 888 2366 adde
921 2325 1007 2367 istas
1038 2327 1376 2384 Qinquennavleis
1397 2326 1681 2382 Ephemeridas
1715 2328 1808 2369 licet
1840 2328 1899 2368 in-

440 2395 639 2437 terruptas
670 2383 743 2425 effe
766 2384 1036 2440 longiffimas,
1057 2399 1151 2427 nam
1171 2386 1350 2427 horariae
1374 2385 1460 2427 sunt
1491 2398 1534 2426 ut
1556 2385 1797 2440 plurimum,
1819 2400 1898 2426 non

440 2440 607 2483 diurnae
630 2455 786 2483 tantum
806 2473 818 2494 ,
849 2444 886 2483 8(
906 2442 1106 2484 interdum
1137 2443 1185 2484 ad
1210 2455 1395 2486 ΧΧΙΙΙΙ.
1419 2445 1532 2485 horas
1553 2445 1754 2485 continuas
1785 2446 1822 2484 8(
1845 2444 1899 2484 ul-

439 2509 506 2542 tra.
533 2498 628 2541 sunt
649 2499 884 2556 productae,
914 2502 951 2542 &
970 2502 1201 2557 plerumque
1223 2502 1336 2544 horas
1356 2504 1545 2559 plurimas
1565 2503 1722 2544 illorum
1744 2502 1897 2545 dierum

1755 2577 1840 2603 con-
