1951 3085
525 225 597 271 66
809 217 1514 274 SPECIMEN

447 345 489 374 ta
519 334 556 372 8(
576 329 789 385 tranquilla
811 360 820 370 .
855 331 1074 384 Oporteret
1095 328 1201 369 enim
1221 327 1350 383 potius
1370 327 1473 366 circa
1495 326 1732 380 Meridiem,
1762 329 1799 368 8(
1830 331 1899 371 cir-

448 405 494 430 ca
513 390 694 430 Mediam
714 386 891 429 Notiem
915 389 1067 442 Aegros
1087 388 1249 428 interire
1269 417 1281 437 7
1313 397 1355 426 ut
1376 386 1412 424 8(
1432 399 1585 439 quoque
1607 386 1806 430 intereunt
1826 388 1900 430 hoc

446 461 624 501 tempore
641 477 653 497 ,
684 448 720 487 8(
741 446 903 501 quidem
935 446 1079 497 multi,
1112 459 1230 499 quum
1256 444 1428 485 Meridie
1451 445 1487 483 8<
1508 443 1645 485 Media
1666 443 1797 486 Nof'te
1818 460 1899 487 rna-

447 508 504 562 gis
524 504 705 546 fluetibus
726 504 874 546 aestuet
894 507 1034 555 Mare,
1066 504 1102 543 8(
1124 505 1207 544 Aer
1227 503 1367 543 Ventis
1388 532 1397 541 .
1430 504 1582 542 Verum
1605 501 1700 542 scire
1722 504 1814 544 licet
1834 504 1900 545 du-

445 565 537 620 plici
569 564 616 604 de
641 564 766 605 caussa
788 578 924 618 aegros
944 563 1048 617 poffe
1070 563 1233 602 interire
1254 592 1265 612 ‚
1297 561 1362 601 vel
1394 560 1491 600 Solis
1521 561 1557 599 8(
1588 562 1723 601 Lunae
1754 562 1795 601 in
1815 564 1899 602 Hu-

444 636 573 663 mores
603 623 791 676 Corporis
823 623 977 676 impetu
1008 619 1135 671 facto,
1166 621 1203 659 8(
1226 619 1334 660 Vasis
1356 619 1561 673 disruptis,
1592 619 1628 658 8(
1659 633 1750 660 tunc
1772 621 1899 675 Aegri

446 683 486 722 in
508 681 639 720 Fluxu
656 709 668 731 ,
699 679 762 720 seu
782 681 884 720 circa
906 680 1080 722 mediam
1101 677 1302 729 Noctem,
1333 679 1397 720 vel
1419 679 1522 718 circa
1544 678 1760 718 Meridiem
1782 679 1900 719 inter-

443 740 577 780 ibunt:
614 738 688 778 Vel
709 738 809 777 Crifi
844 740 882 777 in
911 739 996 778 loca
1027 752 1106 778 non
1137 737 1378 777 conferentia
1408 734 1510 775 fabia
1530 764 1542 786 ,
1574 735 1718 777 scilicet
1750 737 1790 776 in
1822 738 1898 776 Ca-

442 808 538 851 put,
569 795 799 846 Pulmones,
829 797 967 850 Jecur,
999 797 1154 850 aliaque
1175 794 1358 845 Viscera,
1389 795 1426 833 8(
1450 794 1522 834 hac
1543 795 1728 848 peribunt
1748 795 1897 848 Aegri,

443 855 511 909 qui
543 854 709 893 Oriente
742 854 829 895 Sole
861 854 926 893 vel
960 853 1176 894 Occidente
1209 864 1373 907 pereunt
1399 881 1409 891 .
1443 852 1791 907 Quemadmodum
1822 853 1898 892 hoc

441 924 621 966 tempore
646 911 786 952 melius
806 911 1039 966 plerumque
1060 911 1097 952 se
1118 911 1268 951 habent
1290 911 1415 964 Aegri
1448 910 1681 950 remittente
1710 923 1781 964 per
1808 911 1896 951 Cri-

440 970 512 1010 sim
532 970 811 1023 particularem
836 971 979 1010 Morbo
1000 1000 1009 1009 .
1042 970 1107 1009 Ad
1128 969 1273 1009 Crisim
1294 970 1401 1009 enim
1423 969 1532 1022 quies
1556 968 1749 1022 quaedam
1771 968 1898 1022 requi-

440 1030 563 1076 ritur,
594 1026 657 1067 seu
679 1027 799 1067 aestus
823 1028 1069 1082 impetusque
1091 1028 1245 1077 minor,
1276 1028 1342 1080 qui
1366 1039 1471 1068 certe
1494 1027 1751 1081 plerumque,
1782 1038 1825 1066 ut
1846 1040 1898 1067 ex

440 1085 550 1127 Mari
573 1097 735 1139 apparet
757 1114 769 1135 ,
799 1084 924 1137 major
944 1086 997 1126 est
1028 1085 1187 1126 Aestate
1209 1085 1369 1139 quidem
1395 1086 1562 1126 Oriente
1583 1098 1597 1137 3
1631 1087 1780 1128 Hieme
1802 1098 1897 1126 vero

439 1143 656 1188 Occidente
683 1142 793 1193 Sole9

658 1256 1306 1315 PROPOSITIO
1363 1256 1661 1313 VLTIMA.-

436 1369 586 1424 Mare
619 1369 862 1438 Superum
891 1385 1063 1417 revera
1090 1365 1430 1438 Proprietates
1470 1365 1647 1441 magni
1690 1365 1896 1434 alicujus

513 1445 710 1498 Fluenti
732 1441 912 1502 habet5
938 1462 1092 1516 quum
1118 1443 1309 1496 horum
1331 1443 1483 1495 instar
1502 1444 1697 1496 cursum
1722 1463 1895 1518 quem-

513 1522 628 1573 dam
661 1536 961 1593 perpetuum
989 1520 1188 1580 servet3
1229 1520 1279 1571 in
1318 1521 1480 1572 Alveo
1515 1522 1603 1573 suo
1635 1523 1895 1582 elevetur3

510 1599 771 1673 ipsumque
815 1598 1071 1649 interdum
1114 1596 1391 1649 Alluvione
1414 1638 1428 1663 ,
1472 1598 1552 1649 vel
1575 1598 1891 1651 Corrofione

511 1677 727 1751 quadarn
756 1673 1056 1750 quibusdam
1083 1674 1134 1726 in
1157 1675 1280 1727 locis
1302 1687 1498 1742 mutet,
1539 1674 1589 1731 ὅ(
1614 1688 1777 1728 cetera
1805 1695 1888 1751 pa..

509 1755 666 1808 riatur
688 1796 704 1822 ,
746 1773 870 1826 quae
893 1750 1209 1813 Fluminibus
1235 1752 1499 1811 accidunt,⁸

743 1888 1446 1928 SCHOLIVM
1525 1890 1561 1934 I.

537 2001 719 2043 Ostrema
740 2001 838 2042 haec
860 2000 1073 2055 Propofitio
1104 2000 1233 2054 potius
1265 2000 1433 2042 aliorum
1457 2001 1809 2046 Observationibus
1830 2007 1886 2048 in=

555 2061 696 2100 nititur
715 2089 727 2111 ,
758 2073 879 2114 quam
910 2059 1079 2109 nostris;
1111 2060 1320 2100 Praeterea
1354 2060 1427 2101 fide
1461 2060 1750 2103 Historicorum
1782 2077 1884 2106 tem-

428 2119 532 2172 poris
563 2117 693 2159 exaffi
724 2148 737 2169 ,
776 2119 814 2157 8(
845 2116 1194 2172 Contemplatione
1227 2118 1499 2173 Philosophica
1540 2121 1666 2174 magis
1697 2121 1849 2177 indiget
1869 2153 1882 2176 ,

427 2189 549 2229 quam
582 2175 955 2227 Observationibus,
986 2190 1087 2231 quae
1119 2189 1188 2230 per
1208 2177 1346 2216 Vitam
1370 2178 1479 2217 unius
1500 2179 1712 2231 Hominis,
1736 2181 1882 2222 nedum

425 2247 497 2287 per
523 2235 850 2291 Qiinquennium
871 2264 883 2285 ,
915 2234 1000 2275 fieri
1029 2234 1168 2288 possint
1189 2264 1199 2274 .
1242 2234 1520 2277 Hadriaticum
1553 2237 1689 2277 Sinum
1721 2252 1882 2292 praeter

425 2291 601 2332 Fluxum
633 2294 669 2332 8<
690 2295 907 2333 Refluxum
926 2323 938 2345 ,
966 2291 1032 2339 seu
1053 2292 1217 2339 Aestum
1238 2296 1458 2345 marinum,
1489 2295 1556 2348 qui
1588 2309 1610 2335 a
1630 2297 1879 2349 generalibus

426 2349 573 2390 Cauffis
604 2351 781 2394 Vniverfi
803 2381 815 2402 ,
846 2365 987 2406 nempe
1020 2365 1042 2391 a
1073 2349 1170 2390 Solis
1203 2353 1414 2408 Lunaeque
1447 2365 1559 2392 motu
1579 2382 1591 2403 ,
1622 2354 1752 2394 aliave
1785 2370 1879 2410 qua-

426 2421 592 2461 cumque
623 2410 782 2450 alterius
813 2410 997 2451 Planetae
1028 2410 1225 2464 vertigine
1258 2411 1427 2464 pendere
1460 2410 1584 2465 potest
1605 2440 1616 2461 ,
1648 2413 1685 2451 8(
1716 2427 1879 2466 praeter

426 2464 741 2518 Fluc'iuationes,
771 2469 808 2507 8<
827 2467 1151 2508 Intumescentias
1172 2470 1320 2519 varias,
1345 2485 1437 2524 quas
1458 2470 1524 2523 ipsi
1545 2484 1753 2524 procreant
1775 2474 1877 2513 Ven-

427 2524 458 2565 ti
481 2553 494 2576 ,
525 2523 780 2580 superioribus
800 2527 970 2569 Saeculis
989 2526 1149 2582 quidam
1169 2528 1316 2570 Veneti
1345 2529 1422 2571 Rei
1443 2529 1612 2586 Navalis
1644 2529 1834 2570 Praefeffl
1861 2561 1873 2583 ,

1719 2602 1812 2642 quos
