1951 3085
435 238 497 291 '1255
729 232 789 295 D
829 249 866 292 E
946 232 999 292 C
1041 232 1082 291 o
1123 247 1170 291 N
1211 248 1248 290 c
1290 248 1338 292 H
1379 249 1399 290 1
1441 250 1467 290 sv

735 410 1156 463 CAPVT
1256 407 1441 464 VIII.

364 525 593 564 CoRNv
627 520 929 560 HAMMONIS
972 503 1236 559 LIffiToRIS
1271 520 1646 558 AR1M1NENsis
1693 528 1814 560 ERE-

424 586 927 623 CTVM.DEPRESSVM
967 584 1283 628 STRIATVM‚
1317 585 1651 618 VAGINVLAM
1690 588 1814 619 GLA-

425 649 505 681 DII
544 645 846 678 REFERENS„

510 752 687 806 Nalogia
717 765 739 792 a
759 750 1080 806 praecedentibus
1112 748 1239 790 sumta
1270 750 1410 788 Cornu
1434 748 1675 789 Hammonis
1694 764 1813 803 voco,

365 757 505 894 A
539 812 576 850 &
594 810 667 850 hoc
689 810 867 864 ignotum
887 808 1030 850 Testae
1054 822 1173 863 genus
1195 808 1430 857 minimum,
1461 806 1563 860 quod
1584 807 1814 862 frequenter

540 870 643 909 inter
674 868 899 922 quisquilias
941 881 963 906 a
994 868 1096 906 mari
1128 864 1254 906 nostro
1286 863 1440 905 reliftas
1471 864 1778 917 deprehenditur
1801 896 1811 906 .

362 927 477 967 Licet
507 924 682 966 erefiium
712 926 790 977 fit,
821 927 862 965 in
882 925 996 979 plura
1029 937 1164 964 tamen
1185 922 1449 962 loculamenta
1479 921 1713 963 exstrinsece
1734 952 1746 974 ,
1778 924 1816 963 8<

363 983 571 1024 intrinsece
592 982 817 1037 dispescitur
838 1013 850 1034 ,
881 984 917 1021 8(
950 981 1090 1022 senfim
1113 983 1322 1021 Cornuum
1353 981 1393 1020 in
1425 994 1578 1021 morem
1599 980 1781 1021 decrescit
1802 1010 1815 1033 ,

364 1051 408 1081 ut
428 1055 505 1081 non
524 1042 726 1082 immerito
747 1042 851 1081 inter
871 1040 941 1081 illa
963 1040 1203 1080 Hammonis
1224 1068 1236 1090 ‚
1267 1037 1419 1089 sumta,
1450 1050 1492 1078 ut
1514 1038 1597 1078 dixi
1618 1067 1630 1090 ‚
1661 1054 1683 1079 a
1703 1053 1815 1093 prae—

362 1099 588 1143 cedentibus
609 1099 815 1153 analogia‚
847 1098 1051 1139 retulerim
1065 1127 1074 1136 .
1108 1098 1273 1136 Planum
1295 1096 1435 1136 itidem
1457 1095 1531 1148 est,
1565 1108 1608 1136 ut
1628 1099 1816 1151 vaginam

363 1155 485 1209 gladii
516 1157 659 1199 referat
678 1187 691 1208 ‚
720 1158 757 1196 8<
787 1170 828 1196 os
859 1156 979 1198 habet
1010 1155 1223 1196 admodum
1253 1154 1433 1209 patulum
1454 1183 1466 1205 ,
1498 1166 1540 1194 ut
1563 1155 1602 1194 in
1622 1156 1815 1209 exemplis

363 1212 512 1266 figurae
534 1216 625 1256 VII.
659 1226 744 1254 tum
766 1215 807 1254 in
828 1229 874 1255 ea
906 1229 1006 1269 quae
1029 1214 1070 1252 in
1102 1213 1199 1254 statu
1221 1212 1392 1252 naturali
1425 1211 1479 1250 est
1508 1211 1662 1267 depiera
1685 1242 1696 1264 ,
1728 1225 1815 1254 tum

363 1270 405 1309 in
424 1270 470 1310 iis
501 1283 600 1324 quae
622 1272 737 1310 Vitra
759 1273 1079 1324 amplificarunt,
1110 1284 1268 1311 cernere
1288 1270 1401 1310 licet.

726 1447 966 1500 CAP
1017 1445 1155 1497 VT
1238 1445 1444 1496 VIIII.

362 1560 588 1599 CORNV
623 1558 926 1599 HAMMoms
969 1558 1234 1597 LITTORIS
1270 1555 1643 1611 AR1MINENSis
1694 1566 1811 1597 ERE-

423 1627 571 1657 CTVM
610 1626 933 1658 GLOBOSIVS.

458 1744 471 1772 Ι
497 1733 694 1787 Analogia
711 1733 883 1788 quadam
916 1744 976 1772 res
995 1745 1131 1772 ornnes
1152 1732 1334 1773 Naturae
1355 1732 1605 1772 continentur
1619 1764 1629 1782 ,
1651 1732 1688 1771 8<
1705 1732 1812 1771 Ano·

357 1737 438 1868 S
471 1791 592 1830 malia
613 1819 625 1839 ,
657 1789 720 1830 seu
752 1791 975 1844 irregularis
1006 1790 1192 1841 operandi
1224 1790 1359 1828 modus
1391 1789 1445 1828 est
1476 1789 1736 1841 rejiciendus,
1768 1800 1811 1829 ut

469 1847 703 1886 cordatiores
734 1846 958 1898 Philosophi
979 1843 1151 1883 sentiunt
1172 1873 1184 1894 ,
1216 1848 1352 1884 Cornu
1386 1848 1625 1885 Hammonis
1657 1847 1811 1886 vocabi-

358 1915 446 1948 mus
467 1904 590 1943 etiam
609 1902 682 1942 hoc
703 1902 915 1955 Conchylii
936 1914 1055 1955 genus
1075 1930 1087 1951 ,
1119 1901 1299 1956 ignotum
1321 1903 1357 1940 8<
1377 1901 1472 1941 istud
1495 1903 1655 1955 quidem
1680 1905 1717 1942 &
1740 1905 1809 1945 mi—

360 1960 537 2011 nimum,
567 1972 684 2015 atque
716 1961 819 1999 inter
848 1958 993 1998 nostras
1024 1959 1195 2000 marinas
1226 1959 1454 2013 quisquilias
1485 1973 1562 1999 non
1594 1960 1807 2001 admodum

359 2017 539 2070 frequens
560 2048 571 2069 ,
602 2017 783 2072 quodque
806 2016 894 2056 satis
914 2016 1099 2057 concinne
1121 2017 1388 2070 expresserunt
1410 2018 1594 2058 Artifices
1614 2018 1733 2058 nostri
1765 2020 1806 2058 in

358 2075 515 2114 Tabula
536 2078 589 2114 ΙΙ.
623 2076 771 2130 Figura
791 2077 865 2114 ΙΙΙ.
898 2073 965 2113 sub
985 2074 1127 2114 litteris
1148 2076 1195 2114 E.
1209 2076 1260 2113 D.
1275 2076 1319 2114 F.
1353 2088 1519 2129 quarum
1551 2076 1681 2116 media
1702 2078 1806 2116 Con-

357 2131 472 2171 cham
503 2134 543 2173 in
575 2133 672 2173 statu
702 2133 870 2173 naturali
901 2131 1167 2186 repraesentat
1196 2162 1208 2182 ,
1250 2133 1424 2187 reliquae
1458 2134 1581 2174 Vitris
1613 2133 1773 2176 auffiam
1794 2164 1805 2174 .

355 2190 616 2243 Proprietates
628 2191 732 2231 enirn
746 2190 959 2245 peculiares
971 2191 1175 2231 Cornuurn
1189 2192 1448 2242 Hammonis,
1470 2189 1534 2233 seu
1556 2190 1808 2247 eſjhmiales,

355 2258 398 2287 ut
418 2248 630 2302 loquuntur
660 2249 774 2289 hodie
796 2248 947 2302 Phyfici
968 2277 979 2298 ,
1009 2248 1127 2289 habet
1153 2249 1251 2288 haec
1273 2249 1392 2289 Testa
1413 2278 1425 2299 ,
1456 2263 1579 2302 quum
1606 2249 1809 2290 exstrinse-

356 2319 443 2355 cus,
474 2307 510 2344 8<
532 2305 760 2347 intrinsecus
781 2308 821 2346 in
842 2306 955 2360 plura
974 2305 1237 2346 loculamenta
1262 2305 1418 2348 diffecfla
1441 2319 1646 2357 cernatur,
1669 2309 1706 2346 8<
1727 2307 1805 2347 sen-

355 2361 425 2401 fim
447 2361 639 2404 decrescat
659 2395 668 2405 .
702 2366 758 2405 At
779 2365 886 2406 enim
907 2361 1035 2405 eretsta
1056 2363 1108 2403 est
1127 2377 1139 2415 3
1172 2379 1294 2419 quare
1317 2366 1342 2404 fi
1364 2365 1437 2404 hac
1458 2363 1505 2404 de
1527 2365 1652 2404 caussa
1686 2380 1806 2420 genus

356 2420 670 2474 Conchyliorum
688 2422 803 2475 plane
824 2436 972 2464 novum
994 2435 1044 2461 ex
1064 2421 1160 2473 hac,
1191 2424 1247 2463 uti
1269 2438 1318 2464 ex
1343 2424 1465 2463 tribus
1487 2423 1806 2464 antecedentibus

356 2480 524 2519 conflare
546 2480 643 2521 velis
665 2510 677 2531 ,
708 2494 785 2521 non
805 2481 953 2522 inficias
973 2480 1037 2525 ibo
1057 2509 1069 2531 ‚
1101 2481 1434 2536 quemadmodum
1455 2481 1568 2524 initio
1590 2481 1771 2523 dixeram
1793 2511 1804 2532 ,

356 2535 451 2587 dum
470 2537 607 2579 Testas
627 2537 738 2579 hasce
760 2538 974 2581 describere
996 2539 1126 2594 coepi.¹
