1951 3085
525 211 581 277 58
802 208 1507 273 SPECIMEN

443 323 646 366 Aestivum
667 351 679 373 ,
709 320 727 376 (
743 335 843 376 quae
865 320 1038 362 absolute
1070 321 1119 363 ad
1149 321 1468 377 vigintiquinque
1487 321 1619 361 uncias
1640 320 1890 376 porrigiturg

443 394 534 421 tunc
557 382 663 421 enim
684 382 800 421 Mare
833 381 960 420 minus
981 382 1122 435 Aquae
1154 381 1330 421 continet
1350 377 1365 432 )
1386 409 1398 431 ,
1429 379 1466 418 8<
1496 380 1599 420 inter
1628 378 1886 421 intumescen-

441 440 540 480 tiam
559 468 570 491 ‚
602 453 702 493 quae
725 439 918 493 contingit
940 439 1026 481 aliis
1049 439 1289 494 temporibus
1310 439 1461 485 Hieme
1481 436 1711 493 praesertim
1731 467 1742 478 .
1774 440 1892 483 Mare

441 500 549 540 enim
569 498 609 537 in
628 498 781 552 magnis
801 497 964 538 aestibus
985 498 1104 537 tertia
1127 510 1280 551 quaque
1299 495 1362 536 die
1383 496 1465 550 post
1485 496 1729 547 Novilunia,
1751 497 1787 536 8<
1807 496 1892 537 Ple-

441 557 591 605 nilunia
611 554 764 617 semper
785 557 866 597 fere
889 555 936 596 ad
958 555 1140 596 eamdem
1164 555 1420 596 altitudinem
1444 552 1637 605 ascendit,
1667 553 1731 594 seu
1752 553 1893 595 eadem

442 615 551 669 signa
579 615 619 654 in
639 615 742 655 mole
764 615 900 653 Portus
920 613 1039 654 nostri
1063 614 1225 668 attingit
1247 643 1256 653 .
1290 614 1347 652 At
1369 624 1577 667 propterea
1607 613 1792 652 continuo
1813 625 1893 653 non

443 671 649 714 dicendum
669 671 820 726 semper
837 672 979 719 eodem
998 670 1111 727 paEio
1142 674 1261 712 Mare
1282 671 1541 712 intumescere
1561 701 1574 722 ‚
1605 670 1700 711 licet
1729 671 1770 710 in
1791 672 1894 710 intu-

442 729 655 772 mescentia
675 730 812 771 eadem
831 730 911 770 fere
934 730 1040 784 signa
1063 730 1218 786 semper
1242 730 1438 783 attingat3
1472 743 1566 771 nam
1587 729 1736 769 Hieme
1755 726 1892 771 subdu-

441 788 581 828 cendus
603 787 656 827 est
676 789 746 835 Pes
767 787 831 828 ille
855 789 1065 842 Aquarum
1085 819 1097 839 ,
1128 803 1205 843 quo
1234 802 1344 835 mare
1366 787 1575 841 exsuperat
1595 816 1605 826 .
1639 788 1894 845 Qapropter

441 858 534 886 tunc
553 859 631 887 non
651 845 859 885 dicendum
878 846 930 894 ad
956 847 1277 900 vigintiquinque
1297 875 1310 897 ,
1338 844 1404 890 ,sed
1435 845 1483 884 ad
1515 843 1740 898 quindecim
1761 845 1893 883 uncias

439 915 597 944 tantum
618 903 839 944 intumuisse
860 933 872 955 ‚
902 905 994 951 licet
1015 905 1154 945 eadem
1176 904 1284 958 signa
1304 902 1504 943 delibasset
1526 931 1536 941 .
1572 900 1656 942 1³0st
1676 899 1892 941 Solstitium

440 975 536 1002 vero
557 962 783 1004 Hibernum
803 963 989 1016 Januario
1011 961 1141 1004 mense
1163 962 1211 1002 ad
1234 962 1400 1016 triginta
1423 961 1554 1001 uncias
1585 961 1621 1000 &
1642 959 1745 1000 ultra
1776 959 1892 999 assur·-

440 1032 538 1074 gunt
558 1021 722 1073 Aquae,
755 1032 795 1060 at
817 1032 908 1060 tunc
924 1035 1081 1074 quoque
1105 1021 1291 1068 continuo
1316 1033 1392 1059 non
1412 1018 1465 1066 est
1486 1018 1732 1060 asserendum
1756 1018 1892 1073 trigin-

441 1089 484 1118 ta
515 1077 634 1116 unciis
667 1075 839 1118 absolute
873 1077 1078 1118 ascendisse
1101 1107 1113 1128 ,
1153 1077 1216 1117 sed
1248 1091 1314 1131 pes
1348 1078 1414 1125 ille
1446 1078 1602 1124 circiter
1633 1076 1788 1131 semper
1818 1075 1891 1116 hoc

439 1146 619 1189 tempore
639 1134 692 1174 est
710 1135 973 1182 detrahendus
992 1165 1003 1181 ,
1039 1138 1188 1177 Verum
1217 1136 1332 1179 *missa
1353 1135 1661 1175 Intumescentia
1681 1135 1750 1173 ista
1773 1134 1891 1174 Rela-

440 1193 550 1241 tiva,
581 1193 786 1232 veniamus
817 1193 864 1232 ad
886 1193 1072 1233 Mediam
1091 1222 1103 1243 ,
1135 1207 1259 1246 quae,
1290 1204 1333 1230 ut
1362 1192 1537 1235 diximus
1568 1193 1608 1229 in
1641 1192 1757 1230 titulo
1777 1219 1789 1240 ,
1819 1192 1890 1231 vix

438 1249 662 1304 quindecim
686 1250 826 1288 Vncias
846 1249 1055 1303 exsuperat
1073 1279 1085 1300 ‚
1117 1264 1218 1303 quae
1239 1261 1344 1289 certe
1376 1248 1589 1292 immodica
1612 1261 1689 1288 non
1711 1247 1891 1299 videtur,

439 1319 576 1356 tamen
597 1306 651 1347 est
673 1319 806 1357 tanta,
839 1319 881 1346 ut
904 1321 972 1360 per
996 1308 1094 1348 hanc
1115 1307 1229 1347 facile
1254 1306 1454 1360 appellant
1479 1306 1639 1360 navigia
1660 1306 1707 1346 ad
1728 1307 1893 1346 Portum

437 1365 632 1415 nostrum,
664 1366 700 1404 δ(
720 1380 770 1405 ex
792 1363 872 1417 ipso
892 1365 1044 1405 solvant
1063 1397 1074 1412 ,
1107 1368 1154 1404 In
1179 1367 1352 1406 Refluxu
1375 1365 1481 1404 enim
1504 1363 1781 1418 saepenumero
1801 1363 1892 1405 hae-

439 1434 526 1462 rent
551 1424 591 1462 in
613 1423 708 1462 sicco
727 1452 738 1473 ,
767 1435 886 1476 quare
910 1423 1111 1462 interdum
1136 1423 1233 1463 haec
1255 1422 1671 1477 quindecimuncialis‚
1702 1422 1747 1462 fit
1770 1421 1890 1462 verbo

438 1482 583 1531 venia,
613 1480 919 1520 intumescentia
950 1482 1118 1536 navigiis
1152 1481 1364 1534 majoribus
1394 1479 1448 1520 est
1478 1478 1722 1535 expecianda
1752 1491 1796 1520 ut
1826 1493 1893 1536 ap-

438 1538 586 1594 pellere
617 1538 682 1579 vel
704 1537 851 1579 solvere
871 1539 1010 1593 possint
1026 1569 1036 1587 ,
1530 1538 1536 1541 ’

739 1654 1441 1696 SCHOLIVM
1520 1655 1584 1696 II.

435 1779 448 1784 ·’
568 1767 717 1808 Idimus
748 1769 787 1809 in
810 1768 1067 1823 superioribus
1090 1767 1442 1809 Intumescentiam
1464 1767 1656 1818 majorem
1684 1769 1811 1810 Maris
1840 1769 1890 1813 ad

586 1826 716 1865 Littus
740 1826 913 1866 nostrum
935 1826 1256 1880 vigintiquinque
1288 1826 1354 1865 vel
1378 1826 1544 1878 triginta
1567 1827 1698 1866 uncias
1727 1841 1804 1867 non
1824 1842 1889 1868 ex-

434 1882 596 1933 cedere,
626 1883 663 1921 &
688 1883 868 1922 Mediam
900 1884 940 1921 in
963 1882 1172 1934 majoribus
1194 1880 1375 1921 Aestibus
1407 1882 1455 1921 ad
1486 1882 1710 1935 quindecim
1746 1886 1888 1925 Vncias

434 1940 590 1980 circiter
609 1940 778 1994 porrigi.
808 1942 920 1980 Haec
941 1952 1075 1980 tamen
1098 1952 1175 1978 non
1198 1936 1252 1977 est
1272 1940 1446 1992 aequalis
1465 1953 1536 1992 per
1555 1939 1782 1981 universum
1803 1944 1888 1982 Ha-

434 1996 642 2037 driaticum
674 1997 798 2036 finum
819 2026 830 2048 ,
863 2011 957 2037 nam
988 2011 1065 2051 quo
1094 1996 1217 2050 magis
1238 1997 1417 2037 Venetiis
1450 1998 1810 2052 appropinquamus
1840 2014 1887 2041 eo

434 2054 559 2107 major
579 2053 633 2095 est
656 2054 986 2105 Intumescentia,
1006 2055 1070 2096 seu
1083 2055 1230 2095 Fluxus
1250 2055 1287 2093 8(
1308 2055 1520 2095 Refluxus.
1544 2056 1651 2096 Ante
1663 2056 1768 2098 diem
1785 2068 1883 2098 VII.

432 2112 628 2154 Calendas
639 2114 771 2167 Junias
794 2113 910 2166 elapsi
932 2114 1024 2159 anni
1049 2123 1488 2154 CIDIDCCXXXVII.
1511 2114 1551 2152 in
1563 2115 1782 2155 Ravennae
1797 2117 1885 2156 Por·

434 2180 476 2209 tu
496 2199 509 2220 ‚
540 2172 607 2225 qui
630 2173 974 2226 trigintaquinque
998 2184 1156 2213 tantum
1173 2170 1367 2210 milliariis
1387 2172 1535 2211 Italicis
1556 2187 1578 2213 a
1598 2172 1726 2213 nostro
1746 2172 1884 2226 distat,

430 2227 473 2267 in
493 2242 570 2281 quo
590 2242 661 2282 per
681 2229 838 2269 nostem
867 2242 1041 2271 moratus
1061 2232 1167 2278 sum,
1191 2227 1396 2270 observavi
1420 2232 1536 2273 Mare
1557 2231 1606 2270 ad
1628 2232 1885 2285 vigintiquin-

434 2299 509 2339 que
533 2287 664 2327 uncias
685 2288 723 2326 8<
745 2288 847 2329 ultra
867 2286 1094 2334 descendisse
1116 2317 1127 2338 ,
1158 2286 1354 2333 descensus
1376 2288 1466 2333 sane
1497 2289 1563 2343 qui
1586 2288 1657 2329 vix
1689 2290 1791 2343 apud
1813 2303 1883 2331 nos

433 2343 474 2382 in
504 2344 713 2397 majoribus
744 2345 907 2386 aestibus
939 2347 1157 2401 contigisset
1176 2375 1188 2395 ‚
1219 2346 1255 2384 8<
1276 2358 1410 2388 tamen
1440 2361 1487 2388 ea
1512 2360 1590 2386 nox
1623 2359 1763 2401 quarta
1795 2360 1884 2389 erat

432 2412 524 2442 ante
546 2403 835 2456 Novilunium,
866 2415 1019 2461 tempus
1039 2404 1184 2451 scilicet
1204 2418 1281 2458 quo
1304 2405 1428 2456 major
1450 2404 1572 2447 aestus
1592 2418 1669 2444 non
1687 2404 1853 2446 succedit
1867 2436 1879 2446 .

431 2459 630 2501 Galilaeus
662 2462 702 2500 in
725 2463 897 2519 Dialogo
913 2476 1053 2518 quarto
1085 2463 1311 2516 Systematis
1334 2461 1505 2504 Cosmici
1537 2464 1665 2508 asserit
1699 2465 1878 2505 Venetiis

430 2517 548 2566 Mare
579 2518 628 2559 ad
650 2520 823 2576 quinque
856 2522 920 2564 vel
940 2521 1006 2564 sex
1027 2521 1144 2577 pedes
1172 2520 1429 2567 intumescere
1453 2552 1467 2576 ,
1498 2537 1598 2578 quae
1618 2521 1877 2565 intumescen-

1760 2592 1817 2622 tia
