1951 3085
337 211 696 271 Asss‘rus
761 211 1293 271 MARITIMI.
1417 230 1469 283 55

86 323 222 374 enim,
241 321 333 363 dum
355 321 552 375 crescunt,
581 323 719 377 majori
739 323 913 378 quadam
933 324 1146 367 velocitate
1177 327 1214 364 8<
1234 326 1276 366 vi
1306 325 1355 366 ad
1385 327 1543 368 Littora

89 381 287 436 appellere
310 381 517 434 videntur,
547 397 665 437 quam
688 382 781 422 dum
804 383 991 423 recedunt
1014 396 1026 434 ;
1060 395 1152 423 tunc
1175 384 1299 424 etiam
1321 399 1432 426 mare
1464 387 1544 440 ple-

79 452 253 493 ›rumque
276 438 462 491 fluctuat,
493 453 536 481 ut
558 441 659 481 infra
680 440 852 482 dicemus
873 454 886 492 ‚·
920 443 967 481 In
988 442 1163 482 Refluxu
1185 456 1280 483 vero
1303 456 1413 484 mare
1445 442 1545 484 sem-

85 511 156 554 per
178 499 302 553 magis
320 499 499 554 quietum
520 500 556 538 8<
576 501 834 555 tranquillum
857 511 1042 554 apparet.
1075 502 1123 540 In
1146 501 1406 557 quadraturis
1426 501 1466 542 id
1488 513 1544 543 et-

87 557 170 599 iam
191 557 323 611 aliquo
345 556 460 612 pacto
481 560 674 614 contingit
695 589 706 610 ,
737 570 780 599 ut
801 558 1001 599 Circuitus
1023 570 1118 597 unus
1149 558 1195 598 fit
1225 559 1352 612 major
1382 560 1512 601 altero
1532 589 1546 612 ‚

85 614 152 655 sed
183 628 276 655 tunc
306 617 433 670 magis
465 617 513 656 ad
544 618 706 671 vulgare
739 616 835 656 illud
867 616 933 657 sex
964 616 1151 656 horarum
1173 614 1348 671 spatium
1379 618 1546 672 quilibet

86 673 237 713 Fluxus
267 675 331 714 vel
354 675 544 713 Refluxus
574 674 758 714 accedere
781 674 938 713 videtur
957 702 970 723 ,
1000 687 1051 714 ex
1075 688 1151 727 quo
1181 674 1338 714 fortasse
1369 687 1464 715 nata
1491 674 1545 715 est

85 732 304 771 communis
323 731 392 771 illa
411 732 566 784 opinio,
587 746 664 787 qua
686 732 849 787 quisque
871 731 991 786 vulgo
1012 731 1080 771 fibi
1102 731 1311 786 persuadet
1332 735 1451 775 Mare
1476 733 1546 774 fin-

83 788 185 845 gulis
205 788 272 830 sex
292 788 397 829 horis
417 789 609 842 crescere,
639 791 677 830 8<
697 790 853 845 lingulis
870 789 1089 831 decrescere
1102 819 1112 830 .

341 896 1141 950 PROPOSITIO
1233 898 1288 950 V.

89 1002 205 1056 Plu-s
247 1002 473 1057 conferre
514 1005 715 1058 videtur
755 1006 813 1058 ad
842 1008 1103 1058 Diurnum
1134 1005 1299 1057 Maris
1341 1005 1550 1057 Aestum

160 1083 242 1134 Sol
268 1084 471 1157 quando
497 1084 565 1136 est
591 1084 641 1136 in
669 1082 963 1135 Meridiano
982 1082 1184 1151 nostr0‚
1212 1102 1364 1158 quam
1385 1086 1550 1137 Luna.

453 1213 1177 1252 SCHOLIVM.

201 1312 373 1352 Atentur
392 1311 549 1365 quidem
572 1311 795 1366 Philosophi
825 1326 960 1353 ornnes
990 1315 1145 1352 Lunam
1174 1312 1346 1352 multum
1367 1311 1543 1354 conferre

226 1370 273 1410 ad
305 1372 512 1423 Aquarum
542 1371 807 1412 elevationem
829 1400 841 1420 ,
872 1370 1027 1424 quando
1049 1371 1103 1409 est
1134 1373 1174 1410 in
1196 1371 1448 1421 Meridiano,
1479 1371 1545 1411 vel

80 1442 203 1481 prope
238 1429 511 1470 Meridianum
543 1429 646 1469 illius
677 1429 785 1479 loci,
817 1428 857 1467 in
881 1442 957 1482 quo
980 1427 1022 1468 fit
1044 1428 1226 1479 Fluxus3
1260 1430 1410 1468 Verum
1440 1428 1544 1482 apud

82 1499 151 1525 nos
182 1487 239 1525 nil
270 1487 351 1527 fere
382 1489 495 1528 Luna
526 1487 573 1527 ad
594 1488 795 1527 Diurnum
817 1499 971 1526 motum
992 1488 1118 1528 Maris
1149 1486 1326 1528 conferre
1348 1486 1507 1527 videtur
1527 1499 1540 1538 3

81 1543 156 1583 Sed
176 1545 305 1598 potius
331 1544 395 1583 Sol
416 1546 615 1593 Diurnum
639 1544 800 1585 Aestum
823 1545 925 1599 regit
947 1557 959 1595 ;
992 1547 1105 1584 Luna
1136 1558 1231 1586 vero
1262 1544 1509 1585 Menstruum
1531 1574 1542 1584 .

80 1602 205 1656 Saepe
226 1603 334 1641 enim
355 1601 491 1643 sumtis
512 1602 684 1643 interdiu
707 1603 1040 1657 Ephemeridibus
1060 1602 1301 1654 Manfredii,
1332 1603 1372 1642 in
1404 1602 1543 1656 quibus

82 1659 263 1700 transitus
284 1662 418 1700 Lunae
452 1675 521 1715 per
543 1661 814 1701 Meridianum
837 1674 999 1701 notatur
1019 1691 1032 1712 ,
1063 1663 1099 1701 8<
1118 1660 1233 1701 noctu
1257 1662 1368 1701 Luna
1401 1662 1440 1700 in
1463 1659 1543 1715 ipso

80 1718 312 1758 Meridiano
344 1717 517 1771 inspecta
549 1721 718 1774 cognovi
751 1718 897 1759 statum
920 1718 1047 1773 ipsum
1076 1722 1211 1760 Lunae
1244 1720 1284 1759 in
1315 1719 1544 1759 Meridiano

79 1775 136 1815 nil
156 1776 334 1815 conferre
357 1776 405 1814 ad
427 1776 623 1823 majorem
645 1779 770 1815 Maris
790 1778 1084 1825 elevationem,
1115 1791 1237 1828 quum
1260 1777 1468 1816 >interdum
1494 1777 1543 1815 A·

80 1847 181 1887 quae
203 1833 322 1874 effent
346 1833 580 1873 humiliores
601 1861 613 1882 ‚
644 1833 681 1870 8<
703 1833 742 1870 in
765 1831 914 1883 majore
936 1831 1245 1873 detumescentia
1264 1861 1276 1882 ,
1308 1831 1372 1872 seu
1402 1833 1442 1872 in
1463 1846 1546 1873 ma-

79 1892 153 1945 jori
172 1893 329 1932 refluxu
351 1902 534 1945 tempore
556 1903 690 1929 morae
723 1888 787 1929 seu
811 1888 992 1929 transitus
1022 1889 1136 1943 ipfius
1165 1891 1299 1940 Lunae
1329 1904 1400 1944 per
1421 1890 1544 1931 Meri-

81 1948 242 1989 dianum
264 1947 440 1989 nostrum
456 1978 466 1987 .
501 1950 633 2004 Qiare
665 1946 767 2002 apud
788 1948 875 1987 Nos
902 1946 967 1986 Sol
987 1976 999 1998 ,
1030 1960 1073 1986 ut
1093 1947 1209 1998 dixi,
1239 1960 1392 1988 motum
1424 1949 1543 1988 Diur·

80 2021 178 2047 num
204 2008 330 2047 Maris
362 2020 498 2060 regere
531 2006 688 2046 videtur
707 2035 719 2055 ,
750 2019 873 2059 quum
904 2006 1045 2060 Aquae
1067 2005 1154 2047 heic
1186 2006 1357 2047 interdiu
1388 2005 1543 2060 semper

80 2066 186 2105 circa
211 2065 428 2105 Meridiem
454 2076 656 2114 tumeant,
687 2062 872 2104 &Noflu
891 2064 993 2103 circa
1016 2064 1187 2105 mediam
1201 2063 1400 2114 Nofitem,
1421 2078 1543 2119 quan-

81 2123 131 2162 do
153 2122 297 2163 scilicet
318 2123 382 2163 Sol
403 2121 457 2163 est
477 2124 540 2164 vel
562 2124 602 2162 in
624 2122 850 2163 Meridiano
875 2121 1001 2162 nostro
1026 2123 1233 2177 apparenti
1256 2153 1268 2173 ,
1298 2124 1363 2163 vel
1395 2124 1434 2162 in
1456 2136 1544 2175 par·

82 2181 186 2221 tibus
205 2181 284 2234 ejus
305 2181 489 2236 oppositis
509 2212 517 2221 .
552 2181 726 2221 Fortasse
759 2181 822 2221 Sol
854 2181 957 2235 regit
990 2181 1027 2220 8<
1060 2195 1234 2221 annuum
1267 2194 1420 2220 motum
1454 2181 1543 2219 Ma-

82 2240 134 2279 ris
154 2268 167 2290 ,
199 2239 365 2279 Aestum
387 2238 532 2284 scilicet
555 2239 743 2293 majorem
773 2240 876 2279 circa
909 2236 1173 2292 Aequinoffia
1193 2268 1205 2288 ‚
1235 2239 1271 2277 8<
1292 2239 1394 2278 circa
1416 2237 1543 2277 Solsti-

84 2298 140 2338 tia
163 2326 175 2348 ,
205 2309 248 2337 ut
268 2311 405 2339 omnes
426 2299 550 2339 etiam
573 2298 748 2338 fatentur
767 2327 779 2348 ,
809 2295 1041 2352 praesertim
1071 2310 1194 2351 quum
1216 2309 1282 2335 nos
1301 2311 1351 2337 ex
1372 2295 1541 2350 Proposi-

88 2356 196 2395 tione
210 2357 351 2400 Tertia
373 2368 621 2411 compertum
641 2356 855 2397 habeamus
879 2354 1045 2408 majores
1067 2353 1203 2394 Aestus
1223 2354 1377 2409 semper
1396 2354 1437 2394 in
1455 2355 1537 2393 Lit-

83 2426 168 2454 tore
189 2413 316 2455 nostro
338 2416 567 2470 contingere
588 2428 634 2455 ea
645 2417 755 2455 Luna
770 2444 782 2465 ,
804 2427 903 2468 quae
928 2411 1194 2468 Aequinoffla
1215 2412 1432 2454 &Solstitia
1453 2425 1540 2466 pro-

85 2473 194 2512 xime
216 2471 388 2527 sequitur
410 2503 420 2515 .
457 2475 511 2514 At
532 2472 613 2529 post
631 2473 801 2515 Solstitia
833 2471 971 2514 Aestus
993 2472 1117 2513 adhuc
1148 2469 1234 2513 sunt
1266 2471 1433 2527 majores
1452 2499 1464 2521 ,
1494 2481 1539 2511 ut

84 2529 256 2574 diximus
273 2559 283 2571 .
