1951 3085
387 180 728 244 AESTUS
786 186 1276 250 MAR1T1M1.
1418 205 1479 255 59

106 296 166 342 tia
194 297 311 353 duplo
341 297 422 339 fere
455 300 579 352 major
609 298 661 339 est
692 312 736 338 ac
767 298 869 352 apud
899 312 967 338 nos
985 327 996 349 ,
1027 312 1147 354 quum
1179 298 1245 339 sex
1267 298 1383 353 pedes
1404 294 1549 339 Veneti

110 357 368 412 quadraginta
391 356 546 398 circiter
566 359 601 396 V
604 358 708 397 ncias
729 356 871 396 nostras
894 357 1082 397 efficiant.
1116 356 1310 397 Eamdem
1334 358 1555 411 proportio-²·

107 429 199 455 nem
221 414 341 454 habet
361 414 409 454 ad
431 415 574 455 aestum
597 416 747 455 Oceani
771 416 808 454 in
830 416 1107 469 Dunquerquii
1127 417 1249 455 Portu
1268 443 1280 465 ,
1311 429 1404 454 nam
1424 415 1477 454 ibi
1499 427 1552 454 te-

107 472 159 513 ste
181 473 339 513 Baertio
370 473 409 511 in
431 470 541 512 Affls
571 473 809 514 Academiae
830 473 1044 514 Parisiensis
1076 475 1167 513 anni
1201 483 1443 514 CIOIDCCI
1471 502 1482 523 ,
1512 473 1550 510 8(

109 539 397 572 CIDIOCCII.
420 531 545 583 major
567 531 737 571 elevatio
758 531 883 571 Maris
916 531 1086 584 quinque
1117 529 1182 570 vel
1212 529 1278 570 sex
1309 531 1426 571 Pedes
1447 531 1556 570 Pari-2>

104 587 244 629 sienses
267 602 344 628 non
367 589 523 630 excedit
543 619 555 639 ,
585 589 622 627 8(
642 590 712 627 Pes
732 587 946 629 Parifiensis
966 590 1163 629 Venetum
1185 601 1261 628 non
1281 588 1459 641 superat,
1478 587 1556 626 im-›·

103 661 171 687 mo
192 661 214 686 a
238 647 391 686 Veneto
411 660 555 686 novem
575 646 687 685 lineis
707 646 863 685 circiter
879 644 1104 698 superatur,
1136 657 1344 698 propterea·
1363 644 1549 697 subdupla

103 706 179 745 erit
203 704 409 758 proportio>
435 702 555 743 aestus
578 704 703 742 Maris
723 703 838 743 nostri
873 703 996 743 relate
1029 701 1077 743 ad
1108 716 1172 745 eas
1196 702 1333 742 Vrbeis
1352 731 1364 753 ,
1395 701 1438 755 sir
1455 715 1552 742 vera

102 760 188 801 sunt
209 775 310 815 quae
332 773 495 801 narrant
516 761 737 812 Galilaeus,
769 762 805 800 8<
825 761 1027 801 Ba'ertius.-
1057 761 1210 801 Mirum
1231 768 1370 801 tamen¹
1386 759 1440 800 est
1460 772 1552 814 quo-

100 819 225 859 modo¹
239 819 362 873 aliqui
385 819 550 859 afferant
572 818 665 860 teste
687 820 714 858 's
737 817 1004 859 Gravesandio
1025 816 1099 872 (a)
1130 819 1170 857 in
1192 819 1417 868 Britannia,
1443 831 1552 871 prae-

103 876 240 917 sertim
262 878 310 917 ad
332 877 553 917 Bristoliam
574 877 834 932 quadraginta
847 879 1017 931 quinque
1039 875 1202 916 Pedibus
1223 876 1386 929 majores
1408 875 1551 927 aestuS,

104 934 142 975 8(
164 935 482 989 vigintiquinque
505 937 672 976 minores
694 936 885 976 contineri
908 964 920 986 ,
951 948 1073 988 quum
1093 943 1232 975 tamen*
1251 934 1455 976 Britannia
1472 963 1484 984 ,
1514 934 1550 972 8<

104 992 285 1033 Tamefis
307 1018 322 1043 ,-
350 993 395 1035 de
420 993 522 1046 cujus
543 992 648 1033 aestu
679 993 819 1034 similia
847 994 928 1033 fere
949 1003 1159 1031 narrantur
1176 1020 1188 1041 ,
1219 1005 1297 1031 non
1328 991 1498 1030 multum
1529 1004 1553 1030 a

106 1050 261 1101 Gallia,
291 1052 327 1090 8(
349 1065 371 1090 3
392 1051 669 1105 Dunquerquii
688 1051 807 1089 Portu
826 1050 966 1089 distent
990 1077 999 1086 .
1033 1048 1166 1103 Qare
1198 1047 1262 1088 vel
1282 1061 1391 1088 error
1412 1047 1552 1101 aliquis

105 1108 158 1148 est
189 1109 229 1146 in
251 1108 441 1147 mensuris
462 1110 537 1147 illis
567 1109 832 1159 Britannicis,
859 1105 925 1147 vel
956 1107 1132 1147 Baertius
1163 1105 1328 1158 majores
1359 1105 1480 1145 aestus
1510 1106 1553 1145 in

104 1164 225 1205 Portu
244 1166 315 1205 illo·
333 1167 678 1219 Dunquerquiano
709 1176 789 1205 non
808 1165 1055 1214 observavit,
1086 1162 1148 1204 sed
1170 1176 1325 1204 tantum
1346 1164 1550 1203 minimos.

105 1224 219 1263 Patet
241 1223 362 1276 igitur
393 1236 456 1263 me
478 1236 555 1262 non
580 1221 718 1262 frustra
751 1223 800 1263 ab
821 1223 934 1264 initio
954 1221 1100 1276 rogasse
1124 1222 1281 1272 Gallos,
1302 1221 1450 1275 rogasse
1471 1221 1551 1260 Bri-

104 1291 243 1321 tannos
257 1303 272 1330 ,·
289 1280 433 1334 rogasse
452 1292 623 1332 ceteros,
643 1286 686 1320 ’ut'
708 1275 855 1321 iterum
876 1280 960 1320 suas
979 1277 1267 1320 observationes
1287 1278 1533 1320 instituerent
1541 1302 1558 1328 ,-

104 1337 439 1392 quemadmodum
459 1339 625 1378 &modo
646 1352 850 1392 rogamus,
870 1339 907 1377 8(
926 1337 1047 1376 Italos
1065 1335 1209 1376 nostros
1230 1337 1355 1376 Maris
1373 1336 1495 1376 Inferi
1515 1335 1553 1374 8(

106 1397 245 1449 Superi
268 1396 418 1436 Incolas
450 1407 491 1435 ut
513 1395 735 1448 symbolam
756 1396 961 1435 conferant
976 1422 988 1444 ,
1020 1404 1061 1432 ut
1083 1395 1202 1433 variis
1231 1394 1267 1432 8(
1288 1395 1466 1447 repetitis
1488 1393 1559 1432 ob-·

106 1452 390 1494 servationibus
422 1452 648 1507 cognoscere
671 1451 850 1493 tamdem
871 1463 978 1492 certo
999 1450 1179 1506 possimus
1200 1480 1211 1501 ,
1242 1463 1318 1504 qua
1337 1452 1552 1504 proportio-

105 1521 156 1551 ne
177 1512 317 1551 Italiae
338 1510 475 1550 Maria
494 1511 598 1550 inter
618 1509 654 1550 se
675 1507 871 1561 aestuent,
892 1509 940 1550 ad
955 1515 1146 1563 quantam
1167 1508 1417 1550 altitudinem
1439 1508 1551 1548 assur-

103 1579 202 1624 gant
222 1592 238 1619 ,>
266 1568 302 1606 8(
333 1581 410 1621 quo
442 1576 619 1622 ternpore
642 1591 657 1607 .-
684 1569 731 1607 In
754 1568 885 1609 Infero
905 1569 1010 1609 enim
1035 1567 1135 1607 mari
1166 1566 1288 1607 aestus
1309 1581 1462 1621 quoque
1485 1566 1553 1606 ali-

103 1627 191 1681 quis
211 1627 405 1680 reperitur
424 1624 517 1666 teste
538 1624 618 1680 ipso
639 1625 819 1667 Galilaeo
844 1625 916 1680 (b)
937 1649 951 1677 ,
979 1626 1046 1680 qui
1067 1625 1123 1665 ait
1144 1625 1182 1665 in
1205 1625 1385 1676 Corsica,
1405 1626 1444 1664 in
1467 1625 1552 1664 Sar·

103 1685 213 1724 dinia
233 1708 249 1733 ‚-
275 1685 316 1724 in
335 1683 497 1725 Liburni
530 1684 566 1723 8(
587 1684 742 1724 Romae
763 1685 883 1724 Portu
914 1683 963 1724 ad
993 1682 1201 1725 dimidium
1230 1683 1375 1724 Pedem
1405 1681 1557 1723 aestum*

102 1742 294 1796 majorem
318 1740 534 1794 assurgere,
559 1742 626 1793 qui
652 1740 772 1782 aestus
791 1741 947 1783 fortaffe
968 1753 1128 1795 propter
1148 1750 1336 1794 aquarum
1357 1740 1554 1794 profundi-

105 1811 230 1840 tatem
242 1822 260 1848 ,
279 1799 314 1836 8(
328 1826 339 1846 ,
361 1797 469 1850 quod>
485 1808 574 1836 raro
594 1798 819 1849 contingat,
842 1799 890 1836 ab
910 1799 1052 1836 Incolis
1070 1799 1189 1850 vulgo
1207 1798 1449 1850 negligitur.—
1470 1798 1557 1835 Ta-‘

102 1870 201 1900 men
222 1854 345 1895 aestus
364 1853 433 1894 iste
466 1866 544 1907 quo
564 1854 689 1907 magis
719 1852 768 1892 ad
796 1854 950 1893 Littora
970 1852 1098 1893 nostra
1117 1881 1129 1903 ,
1158 1852 1196 1891 8(
1214 1854 1401 1893 Venetias
1431 1866 1557 1907 prope·

102 1913 323 1958 accedimus
354 1911 508 1965 semper
538 1911 581 1951 fit
613 1909 737 1963 major
757 1934 772 1961 ,⁷
801 1922 843 1949 ut
875 1910 923 1951 ad
943 1909 1010 1950 sex
1040 1910 1106 1950 vel
1138 1909 1287 1964 septem
1317 1911 1403 1951 illos
1432 1911 1551 1952 Pedes

104 1972 338 2028 perveniat,
369 1970 405 2008 8(
425 1969 582 2009 sortasse
602 1969 762 2010 ulterius
787 1969 1031 2023 porrigatur.
1064 1968 1236 2009 Fortasse
1258 1970 1380 2010 etiam
1411 1969 1437 2008 fi
1460 1968 1557 2008 dex-0*

103 2028 274 2071 trorsum
296 2028 344 2067 ab
365 2025 491 2068 infero
513 2027 554 2065 in
575 2027 783 2066 Graeciam
813 2026 1111 2081 progrediamur
1131 2026 1314 2067 eamdem
1334 2027 1549 2081 proportio-

102 2102 198 2128 nem
220 2085 254 2126 se
269 2085 304 2126 se
328 2082 576 2125 accrescendo
596 2083 767 2126 servabit
786 2113 799 2135 ,
829 2097 952 2138 quum
972 2084 1143 2138 antiquis
1160 2086 1320 2126 Graecis
1345 2085 1382 2124 8(
1402 2087 1548 2124 Roma-

104 2146 165 2185 nis
186 2155 299 2184 notus
322 2141 472 2192 fuerit,·
494 2142 532 2181 8(
551 2141 673 2196 spatio
698 2141 767 2181 illo
786 2141 854 2182 sex
872 2142 1058 2181 horarum
1081 2142 1298 2194 conclusus,
1328 2144 1395 2196 qui
1426 2143 1550 2182 etiam

103 2210 291 2243 notarunt
315 2199 507 2254 aliquibus
527 2200 567 2239 in
588 2200 681 2239 locis
703 2200 859 2240 variare
876 2229 889 2251 ,
919 2211 961 2239 ut
979 2200 1020 2238 in
1041 2201 1215 2253 Euripo,
1245 2201 1286 2240 in
1306 2213 1383 2254 quo
1403 2197 1551 2238 Aristo-

102 2259 227 2304 telem
246 2257 374 2314 ipsum
395 2257 548 2314 periisse
572 2258 695 2313 aliqui
715 2258 856 2301 litteris
876 2256 1156 2312 prodiderunt.

976 2426 1021 2471 H
1084 2443 1105 2470 2
1343 2426 1430 2467 PR
1442 2429 1489 2467 0-

143 2530 201 2566 (a)
222 2528 246 2557 ἐ
260 2527 428 2565 Gravesand
448 2529 501 2557 To:
510 2529 549 2558 11.
567 2527 672 2568 Phyfic.
688 2527 777 2558 Elem.
799 2528 946 2558 libam.
968 2534 1086 2566 cap.xx.
1108 2518 1278 2558 mcm‘1418-

144 2567 207 2606 (b)
227 2566 378 2598 Galilaeus
399 2567 515 2608 Dialog.
527 2577 610 2599 1111-
632 2568 699 2610 Syfl.
714 2568 806 2607 Cosm.
827 2578 855 2608 p.
871 2577 908 2596 m.
924 2574 990 2603 427·
