1951 3085
495 217 539 292 8-
787 214 1520 273 DECONCHIS

423 334 684 385 tunicellam,
714 334 753 373 8<
771 331 998 373 Liburnenfi
1029 331 1078 373 ad
1107 344 1175 372 nos
1207 331 1328 373 allato
1359 328 1634 385 cognovimus·
1667 328 1867 370 Sedimenss

423 407 507 434 tum
527 393 631 432 enim
655 393 795 432 horum
812 391 1011 430 Littorum
1032 391 1103 431 vix
1115 391 1309 432 decimam
1320 400 1478 443 partem
1499 388 1674 428 continet
1686 387 1868 440 Conchy-

421 451 563 490 liorum
577 479 588 500 ,
609 464 729 502 quam
751 449 925 487 continet
938 448 1189 488 Ariminense
1202 477 1212 486 .
1245 447 1319 488 Sed
1338 461 1433 502 prae
1456 447 1596 487 ceteris
1615 444 1787 485 no'strum
1807 458 1873 486 ex-

421 507 554 557 cellit,
584 506 686 561 quod
708 504 858 558 septem
877 515 1021 558 genera
1043 505 1082 542 8<
1102 505 1205 544 ultra
1225 507 1432 545 Cornuum
1445 504 1685 544 Hammonis
1706 503 1874 544 minima

420 565 595 606 ostendat
615 594 628 616 ,
660 562 763 617 quod
792 560 982 616 fingulare
1016 558 1227 599 admodum
1259 562 1313 600 est
1335 591 1347 613 ,
1378 576 1500 616 quum
1530 562 1628 602 haec
1648 560 1840 602 Testacea
1860 589 1874 611 ‚

421 637 523 678 quae
545 634 586 662 ut
607 623 648 661 in
669 619 873 661 Montibus
893 617 979 658 sunt
1000 617 1333 672 frequentissima,
1355 631 1397 658 ut
1419 618 1514 658 teste
1534 621 1777 673 Bourguetto
1798 617 1874 672 (a)

422 681 527 722 ultra
548 679 752 734 sexaginta
774 691 920 733 genera
943 677 1213 731 reperiantur,
1235 686 1370 714 tamen
1392 676 1596 717 maritima
1618 677 1727 716 nulla
1747 675 1874 716 adhuc

421 741 609 780 Naturae
630 736 907 778 scrutatoribus
928 746 1042 776 erant
1059 734 1216 789 cognita
1231 763 1242 784 ‚
1263 744 1305 772 ut
1328 731 1444 772 multi
1465 731 1511 772 de
1532 745 1573 772 re
1594 733 1785 772 Naturali
1804 734 1875 772 rni-

423 810 492 835 nus
512 794 616 835 doffi
641 796 838 836 Montana
858 795 1099 834 Hammonis
1119 794 1280 833 Cornua
1312 791 1418 830 inter
1447 802 1611 830 naturae
1635 789 1756 829 Lusus
1777 790 1875 830 refe—

420 852 542 893 renda
563 852 636 892 esse
659 853 966 892 arbitrarentur.
991 849 1066 890 Sed
1087 849 1128 889 hi
1149 850 1197 890 ab
1207 849 1267 889 his
1287 847 1422 887 nostris
1445 848 1595 889 abunde
1619 847 1875 898 refelluntur,

421 923 544 964 quum
564 909 652 950 heic
674 908 823 964 septem
844 922 989 963 genera
1009 908 1046 947 δε
1071 908 1173 947 ultra
1195 920 1352 948 cernere
1374 905 1513 946 liceat.
1537 906 1771 961 Quinetiam
1791 917 1876 945 tan—

424 981 465 1008 ta
487 967 540 1007 est
561 968 716 1008 ubertas
735 967 875 1007 horum
890 965 1194 1017 Testaceorum,
1226 977 1267 1004 ut
1288 965 1328 1003 in
1349 962 1415 1003 sex
1437 964 1558 1003 unciis
1581 962 1799 1004 Sedimenti
1820 963 1873 1003 ul-

423 1038 486 1066 tra
506 1039 651 1066 novem
674 1025 799 1065 millia
820 1025 1027 1063 Cornuum
1049 1024 1289 1063 Hammonis
1310 1022 1512 1063 variorum
1535 1035 1722 1076 generum
1744 1035 1878 1063 nume-

425 1083 601 1124 raverim
621 1112 630 1122 .
664 1085 797 1140 Quare
821 1081 869 1122 ab
890 1081 949 1121 his
979 1082 1154 1136 primum
1184 1081 1415 1135 incipiemus
1447 1091 1533 1119 tum
1562 1090 1725 1134 propter
1746 1078 1872 1119 excel-

424 1140 588 1180 lentiam
622 1141 659 1179 &
688 1154 898 1181 numerum
919 1170 931 1191 ‚
961 1152 1047 1180 tum
1068 1152 1297 1194 propterea,
1328 1139 1421 1193 quia
1441 1138 1481 1177 in
1502 1139 1639 1191 primis
1661 1151 1707 1178 ea
1727 1137 1876 1177 cauffae

423 1197 604 1248 fuerunt,
635 1210 677 1239 ut
694 1198 739 1240 de
761 1198 919 1252 reliquis
939 1198 1226 1252 inquireremus
1239 1227 1248 1237 .

425 1308 502 1336 Q
507 1307 1192 1338 &QWQQQAQCQWQ
1196 1307 1647 1336 ψεκὰναψςκθυπκᾶυιωέυ
1651 1305 1881 1334 εκ-’ἓὴευῑὲὴσὶὲψι

772 1395 1530 1446 CAPVTH.

533 1496 722 1544 'CoRNV
758 1505 1059 1544 HAMMONIS
1095 1505 1359 1543 LITTORIS
1396 1504 1771 1544 ARtMINJ-:NSIS

912 1591 1398 1621 VVLGATissmv-M.

423 1722 455 1759 Ι.
634 1720 925 1776 Vlgatiffimum
946 1723 1086 1764 vocavi
1107 1722 1180 1764 hoc
1202 1726 1338 1765 Cornu
1351 1718 1590 1765 Hammonis
1611 1735 1732 1777 genus
1752 1721 1876 1761 Litto·

523 1725 580 1856 {f
654 1780 704 1819 ris
726 1781 983 1821 Ariminensis
1003 1810 1015 1832 ,
1047 1782 1150 1834 quod
1183 1794 1294 1824 tanta
1325 1784 1382 1823 vis
1413 1782 1526 1833 hujus
1546 1780 1688 1820 Testae
1720 1781 1760 1819 in
1781 1778 1877 1819 sedi-

653 1849 791 1874 mento
809 1837 937 1875 nostro
958 1840 1199 1887 reperiatur,
1232 1850 1273 1875 ut
1293 1839 1333 1874 in
1354 1836 1440 1875 solis
1462 1837 1528 1876 sex
1551 1838 1671 1875 unciis
1691 1836 1801 1887 hujus
1824 1836 1878 1876 se-

426 1893 594 1933 dimenti
627 1889 692 1932 sex
714 1892 840 1931 millia
861 1892 897 1929 8(
916 1890 1162 1944 septingenta
1182 1893 1477 1932 numeraverim
1499 1922 1508 1932 .
1544 1895 1677 1944 Qiare
1709 1905 1874 1932 numero

424 1950 575 2002 reliqua
596 1948 786 1990 Testacea
816 1948 950 1987 omnia
981 1947 1137 1988 excedit
1159 1977 1171 1998 ,
1202 1960 1321 2003 atque
1344 1949 1441 1989 adeo
1473 1963 1551 1989 non
1572 1950 1774 1991 immerito
1794 1951 1877 1991 vul-

426 2007 665 2062 gatissimum
686 2006 968 2060 appellabitur.
1002 2005 1129 2059 Hujus
1152 2005 1319 2060 figuram
1350 2021 1439 2047 aere
1462 2006 1646 2047 excusam
1667 2005 1733 2047 sub
1753 2009 1877 2049 Litte-

426 2066 478 2104 ris
511 2067 550 2103 B.
577 2065 625 2103 A.
647 2065 695 2103 C.
730 2063 886 2103 Tabula
907 2065 940 2102 I.
972 2077 1130 2104 cernere
1151 2064 1242 2104 licet
1265 2094 1274 2104 .
1310 2064 1426 2121 Qiod
1447 2066 1659 2107 exhibetur
1680 2066 1814 2106 littera
1837 2068 1876 2106 A

428 2122 483 2162 est
513 2121 732 2175 expressum
762 2123 801 2160 in
823 2120 922 2160 statu
941 2122 1111 2161 naturali
1140 2136 1191 2162 ex
1222 2123 1441 2177 exemplari
1463 2123 1618 2176 majoris
1640 2123 1752 2163 molis
1773 2136 1786 2175 3
1820 2138 1875 2164 re-

425 2180 533 2234 liqua
555 2181 628 2218 duo
650 2177 762 2219 aurfta
783 2178 869 2219 sunt
898 2191 1014 2233 prout
1043 2191 1233 2233 apparent
1264 2182 1382 2220 oculis
1413 2182 1518 2221 vitro
1540 2180 1752 2221 instrufflis.
1786 2183 1875 2223 Par-

425 2239 528 2278 vitas
552 2236 659 2288 hujus
680 2236 861 2278 Testacei
892 2237 1122 2291 plerumque
1145 2237 1197 2278 est
1218 2250 1352 2290 tanta,
1383 2251 1426 2279 ut
1450 2251 1611 2279 centum
1633 2241 1797 2294 triginta
1818 2254 1875 2280 re-

427 2296 633 2348 quirantur
654 2324 665 2345 ,
697 2307 739 2335 ut
769 2294 915 2349 pondus
947 2296 1056 2335 unius
1078 2296 1246 2336 Triticei
1277 2298 1389 2351 grani
1419 2309 1646 2351 exaequent
1669 2328 1677 2337 .
1713 2299 1875 2338 Tamen

427 2352 539 2392 nudis
570 2353 687 2392 oculis
720 2353 769 2393 ab
798 2353 977 2393 omnibus
1008 2367 1076 2407 pro
1097 2355 1200 2393 veris
1220 2355 1419 2394 Cornibus
1442 2357 1683 2396 Hammonis
1715 2368 1874 2410 propter

430 2422 613 2450 externas
633 2410 720 2450 illas
740 2409 1031 2452 interseffiones
1063 2412 1254 2465 variaque
1286 2412 1550 2454 loculamenta
1571 2411 1875 2468 cognoscuntur,

1682 2486 1818 2526 quem-

453 2563 507 2601 (a)
529 2563 668 2600 Bourguet
688 2563 795 2591 Lem-es
815 2564 1044 2605 Philosbphiques
1058 2565 1109 2603 siz-r
1129 2566 1159 2594 la
1176 2567 1335 2597 formation
1351 2568 1400 2598 cles
1417 2566 1480 2597 Sels
1504 2565 1540 2599 ξ’)
1556 2566 1604 2597 cles
1619 2566 1755 2606 Crystaux
1775 2565 1837 2598 &a
1859 2567 1874 2596 ὲ

563 2601 744 2632 Amsterdam
764 2612 845 2642 1729.
865 2614 908 2634 12.
931 2605 993 2635 vid.
1009 2605 1126 2643 Prsztce
1142 2614 1308 2646 pagxxlx.
1517 2615 1647 2706 ἓξὲξ

1579 2675 1626 2695 ὡς’
