1951 3085
467 245 505 293 6
750 238 1483 295 PRAEFATIO.

396 360 663 405 congenerum
692 345 752 388 his
771 345 838 387 fit.
872 346 1037 401 Propter
1057 347 1285 401 Operarum
1315 343 1513 389 defeclum
1542 343 1618 385 hoc
1638 342 1740 385 libro
1769 357 1848 386 non

397 411 441 452 in
460 406 618 462 singulis
638 405 781 460 figuras
801 402 1041 456 addidimus,
1070 406 1317 459 quinetiam,
1348 417 1391 446 ut
1422 417 1563 446 verum
1593 403 1763 458 ingenue
1792 402 1849 443 fa-

398 479 512 516 tear,
540 465 578 503 8(
596 474 640 503 ut
669 475 721 503 ex
752 460 1010 514 descriptione
1040 463 1181 503 melius
1211 463 1440 518 apparebit,
1471 461 1670 503 interdum
1701 460 1848 516 figurae

397 537 480 566 non
499 522 662 563 omnino
680 518 873 573 exquisite
885 547 897 570 ,
925 518 963 557 8<
982 517 1163 559 omnibus
1182 523 1354 563 numeris
1375 520 1595 563 absolutam
1614 534 1701 561 rem
1720 519 1850 574 expri-

398 592 538 632 munt,
567 592 691 634 quum
709 576 892 618 Tabulae
923 575 988 618 vel
1009 577 1208 618 Bononiae
1228 606 1241 629 ‚
1270 579 1336 621 vel
1355 580 1536 620 Venetiis
1566 577 1732 620 excusae
1752 577 1851 629 sint,

399 652 571 696 quarum
590 639 748 693 Operae
768 646 811 676 ut
824 646 867 676 ut
886 635 981 676 artis
995 633 1083 678 suae
1104 649 1183 677 non
1202 636 1363 691 ignarae
1376 665 1388 687 ,
1418 637 1467 676 ab
1479 639 1692 678 Inventore
1714 648 1853 677 tamen

399 698 518 753 longe
536 696 685 738 diffitae
716 708 803 735 rem
832 708 911 735 non
930 694 1081 749 optime
1113 693 1266 750 semper
1285 694 1553 750 expresserunt
1573 705 1587 745 3
1619 691 1853 747 praesertim

399 769 525 810 quum
563 765 724 809 propter
753 753 1006 809 Exemplaris
1044 753 1309 808 exiguitatem
1350 751 1550 793 interdum
1590 749 1853 805 Microscopio

402 811 595 854 utendum
623 822 710 852 erat
732 840 741 850 .
774 812 909 867 Qare
939 822 1123 853 accurata
1152 809 1411 865 descriptione
1443 824 1514 865 pro
1533 809 1682 850 viribus
1702 809 1853 863 Opera·

401 882 493 912 rum
512 869 614 910 vitio
633 867 905 910 medebimur.
938 869 1113 911 Fortasse
1133 867 1307 911 secundis
1326 869 1426 909 curis
1439 897 1451 920 ,
1480 867 1508 908 si
1534 868 1664 908 otium
1692 867 1729 906 8(
1750 866 1855 907 vires

402 926 612 983 suppetant
630 956 644 979 ,
673 925 892 969 Historiam
920 926 1141 983 pleniorem
1160 940 1296 968 rerum
1314 927 1495 969 omnium
1513 926 1786 977 marinarum,
1814 925 1853 965 &

402 985 647 1030 terrestrium
672 985 838 1028 Littoris
856 986 896 1030 8<
916 987 1018 1044 Agri
1036 984 1157 1028 nostri
1176 984 1328 1029 daturi.
