1951 3085
412 173 785 231 MINVS
869 173 1252 233 NoTls.·
1418 197 1478 245 29

222 286 461 340 Statfucare
482 285 582 328 colus
601 317 613 338 .,
645 304 712 327 nec
742 287 881 326 Sidone
912 285 1032 327 vilior
1062 290 1200 327 Ancon

222 347 372 384 Murice
403 362 470 385 nec
501 346 662 400 Libyco,
694 343 774 400 (Ι)

107 405 238 455 Quare
261 416 381 455 quum
407 405 595 443 Anconae
618 403 755 444 eadem
775 403 857 444 fere
879 402 1101 455 Conchylia
1133 403 1302 457 prostent
1332 418 1430 458 quae
1451 407 1552 460 apud

102 473 201 511 nos3
235 460 417 501 credibile
441 460 517 511 est,
539 473 581 500 ut
602 461 708 512 dixi,
729 475 778 501 ex
799 462 909 501 vario
931 462 1179 512 Turbinum,
1210 463 1246 501 8<
1266 463 1435 504 aliarum
1447 465 1552 503 Con·

106 518 270 558 charum
291 533 432 573 genere
453 548 465 568 ,
497 533 734 573 purpureum
757 519 928 558 colorem
949 517 1095 570 parasse
1115 547 1127 568 ‚
1160 519 1264 570 cujus
1284 521 1420 560 coloris
1439 521 1552 561 vesti-

102 577 210 630 gium
233 578 273 615 in
292 578 351 615 his
376 576 593 616 turbinibus
614 578 778 629 virgatis
797 574 888 614 satis
909 574 1016 614 felici
1037 575 1202 616 inventu
1224 579 1372 630 reperi.
1395 580 1552 619 Notan-

100 634 194 673 dum
216 635 338 675 etiam
351 634 543 688 postremo
565 633 617 672 est
638 632 791 672 succum
811 631 952 671 horum
976 632 1176 672 turbinum
1190 634 1326 674 coloris
1339 635 1447 674 rubri
1468 635 1549 675 sub-

99 690 249 730 obscuri
271 692 367 739 effe,
400 689 503 742 quod
536 701 769 743 argumento
801 688 854 729 est
883 691 1097 744 genuinam
1118 703 1299 731 veterum
1331 693 1550 746 Purpuram

99 748 171 788 effe
192 777 203 797 ,
235 761 357 801 quum
379 746 479 800 apud
499 746 596 800 ipsos
627 747 761 787 Vestes
781 761 999 801 purpureae
1031 761 1107 787 non
1129 749 1206 802 ejus
1227 750 1364 789 coloris
1396 750 1515 798 essent
1536 781 1548 802 ‚

97 819 174 858 quo
197 803 398 859 splendent
432 804 546 844 modo
579 804 695 845 nostri
715 807 902 860 temporis
924 807 1131 860 Purpurati
1155 808 1261 846 Viri.
1295 806 1418 847 Color
1440 810 1548 849 enirn

98 863 160 902 hic
181 862 305 903 noster
324 863 536 913 Puniceus,
557 863 814 916 Spadiceusve
837 865 1034 904 veteribus
1056 864 1239 907 audiebat
1254 894 1265 915 ,
1286 865 1348 906 sed
1366 878 1549 907 veterum

97 921 271 974 Purpura
302 933 387 960 erat
418 919 663 960 subobscurus
697 921 893 962 violaceus
925 923 1040 961 rubro
1072 922 1271 963 admixtus
1302 922 1407 962 color
1427 953 1437 973 ‚
1471 939 1548 978 quo

97 976 206 1018 sensu
226 992 335 1018 mare
357 977 593 1032 profundum
615 981 796 1019 Homero
815 981 1059 1032 Purpureum
1080 980 1243 1029 dicitur,
1275 982 1420 1034 quique
1442 983 1549 1021 color

96 1035 229 1076 nostris
251 1036 488 1089 temporibus
511 1036 705 1089 Anglico,
737 1037 800 1075 vel
825 1036 978 1075 Gallico
999 1035 1176 1077 sermone
1197 1035 1341 1087 Blew,
1362 1037 1427 1076 vel
1449 1036 1551 1077 Bleza

95 1105 339 1147 nuncupatur
360 1106 373 1143 ,·
407 1107 652 1146 quamquam
676 1093 798 1134 etiam
821 1093 923 1146 apud
945 1105 1098 1134 veteres
1119 1095 1333 1134 Coccineus
1354 1094 1460 1134 color
1480 1095 1547 1150 qui

95 1152 262 1191 Puniceo
284 1150 337 1190 est
357 1151 479 1191 affinis
506 1164 578 1204 pro
602 1152 802 1205 Purpureo
824 1151 1023 1191 interdurn
1047 1152 1281 1205 accipiatur.

100 1249 1548 1278 QWQWWQQWQQQQQQQQWWQ

429 1327 854 1378 CAPVT
935 1327 1210 1378 XXIII.

384 1436 631 1476 BALANVS
666 1436 1016 1477 CoMPREssvs
1056 1445 1250 1481 MAJOR.

310 1610 373 1652 sed
403 1612 542 1651 melius
572 1611 737 1664 Polypes
769 1610 832 1651 seu
863 1611 1031 1664 Polypus
1062 1610 1330 1664 appellaretur
1351 1639 1360 1649 .
1393 1610 1544 1649 Multos

311 1671 417 1709 enim
440 1669 556 1722 pedes
576 1669 825 1722 Capillorum
846 1668 964 1708 instar
984 1683 1034 1708 ex
1055 1682 1120 1708 ore
1147 1667 1335 1709 Testaceo
1367 1667 1517 1707 emittit
1533 1696 1545 1718 ‚

94 1738 138 1768 ut
169 1727 301 1767 videre
324 1726 377 1765 est
409 1741 459 1766 ex
481 1727 627 1779 Figura
651 1729 703 1765 II.
738 1727 916 1766 Tabulae
938 1724 986 1765 V.
1020 1726 1186 1766 Animal
1207 1737 1434 1779 praeterea,
1464 1724 1490 1763 s1
1521 1738 1546 1764 a

95 1797 207 1839 parte
235 1783 377 1837 postica
397 1782 476 1833 ejus
498 1782 640 1820 Testae
662 1784 814 1819 corium
835 1784 1032 1834 quoddam
1053 1783 1306 1829 detrahatur,
1326 1782 1436 1821 velut
1458 1795 1546 1834 par-

93 1855 164 1882 vus
186 1842 424 1880 Cammarus
447 1850 630 1890 apparet.
664 1838 755 1874 Pars
777 1836 945 1889 denique
976 1837 1045 1876 illa
1076 1837 1220 1889 postica
1251 1838 1355 1875 corio
1385 1837 1451 1876 illo
1482 1838 1544 1878 de-

94 1896 220 1940 traSto
252 1895 413 1951 pulchre
435 1892 675 1947 Labyrinthi
707 1894 748 1932 in
780 1893 942 1933 modum
973 1905 1168 1933 excavata
1199 1894 1372 1933 cernitur
1391 1923 1403 1944 ‚
1433 1894 1543 1935 velut

95 1956 286 2011 Agaricus
307 1954 373 1993 ille
405 1966 524 2006 quem
545 1952 821 1992 Botanicorum
843 1952 1024 2005 Princeps
1055 1951 1356 1992 Tournefortius
1386 1951 1542 1992 Daeda-

95 2015 164 2055 leis
183 2013 335 2053 sinubus
355 2022 595 2052 excavatum
618 2020 755 2050 vocat.
789 2007 866 2064 (2)
898 2008 1157 2050 Adhaerescit
1177 2009 1410 2064 plerumque
1433 2010 1544 2061 Bala7

96 2086 166 2113 nus
186 2070 252 2112 iste
273 2068 444 2109 solitarie
465 2067 670 2107 corticibus
692 2065 914 2108 Testudinis
935 2068 1133 2108 marinae.

156 2131 209 2168 ΙΙ.
243 2127 380 2168 Balani
400 2126 602 2180 compressi
622 2125 884 2166 confertissimi
897 2155 909 2176 ,
933 2125 995 2166 sed
1017 2127 1187 2166 minores
1207 2126 1458 2179 reperiuntur
1477 2125 1538 2166 ad-

100 2187 306 2228 haerentes
325 2185 440 2239 lignis
461 2185 497 2222 8(
519 2183 618 2224 saxis
638 2182 753 2223 nostri
767 2185 926 2235 Portus,
948 2182 1011 2223 sed
1031 2183 1156 2222 adhuc
1175 2184 1462 2236 frequentiores
1482 2196 1540 2223 re-

100 2246 305 2299 periuntur
326 2243 504 2283 Venetiis
525 2243 644 2281 muris
663 2242 699 2281 8<
720 2241 817 2295 palis
841 2241 1057 2282 Canalium
1079 2241 1348 2281 inhaerentes.

160 2305 235 2342 III.
267 2301 432 2342 Balanus
453 2299 681 2354 compressus
703 2312 863 2340 revocat
886 2301 926 2339 in
948 2311 1127 2339 mentem
1148 2299 1314 2338 Patellas
1333 2328 1345 2348 ,
1376 2311 1544 2352 quarum

104 2360 178 2401 duo
198 2374 342 2415 genera
373 2358 474 2414 apud
495 2372 561 2399 nos
581 2358 848 2413 reperiuntur.
883 2358 1057 2398 Primum
1079 2358 1199 2398 rarius
1219 2356 1378 2411 quidem
1389 2357 1455 2453 h&
1474 2358 1543 2406 Ρει-Δ

1352 2425 1389 2455 te
1425 2428 1490 2454 arn

96 1550 129 1595 I,
154 1550 430 1692 BAlanus
462 1552 525 1592 hic
556 1552 788 1606 compressus
819 1552 885 1607 qui
915 1566 966 1592 ex
986 1551 1255 1606 Policipedum
1285 1564 1427 1606 genere
1459 1550 1512 1591 est
1532 1579 1545 1603 9

146 2513 204 2549 (ι)
226 2512 279 2541 Sil.
300 2512 396 2542 Italic.
418 2512 539 2543 l.v111.
560 2511 706 2551 verfi437.

145 2552 204 2589 ('·)
226 2552 395 2589 Institution.
418 2553 455 2582 rei
476 2551 578 2582 herbar.
598 2554 738 2593 pag.562·

171 2572 184 2580 ι-
