1951 3085
481 250 551 310 24⁷6
785 246 920 300 DE
1004 240 1518 298 C6NCHIS

394 362 484 411 :que
502 352 730 408 contingere
754 351 959 392 observavi
991 363 1076 393 tum
1097 353 1137 393 in
1158 354 1286 408 prima
1307 354 1376 395 illa
1395 384 1408 406 ,
1439 368 1538 408 quae
1571 351 1764 408 longiores
1794 354 1862 396 ha'-⁴

408 415 476 453 bet
496 411 647 462 radios,
679 424 763 450 tum
795 411 835 448 in
866 411 986 449 tertia
1008 410 1140 450 latiori
1171 425 1329 466 corpore
1350 442 1362 464 ,
1396 411 1459 452 sed
1483 412 1723 452 brevioribus
1743 414 1860 453 cruri-

408 471 478 511 bus
496 499 505 509 .
539 471 659 510 Circa
678 466 883 508 secundam
906 466 1225 519 Cruciformem,
1257 483 1356 522 quae
1379 469 1467 510 heic
1490 470 1556 509 sub
1577 470 1712 511 littera
1733 472 1763 510 B
1795 485 1860 511 ex-

407 528 589 579 hibetur,
620 526 782 579 majores
813 525 1102 566 observationes
1133 540 1211 565 non
1232 526 1384 578 habeo,
1412 541 1538 581 quum
1561 527 1671 580 hujus
1701 528 1861 567 unicum

408 598 567 628 tantum
588 584 818 638 exemplum
842 583 1035 634 viderim,
1058 583 1218 638 proinde
1241 584 1400 639 aliquod
1421 585 1647 625 abortivum
1671 586 1861 637 arbitror,

410 645 452 686 ni
483 645 595 699 pLura
625 642 844 695 hujusmodi
877 641 1061 696 exempla
1091 642 1201 681 nobis
1233 641 1417 697 deinceps
1447 655 1653 684 occurrant
1674 654 1691 682 .“
1716 642 1861 683 Stellae

410 703 572 756 quidem
591 700 858 741 Cruciformes
889 715 978 740 cum
999 700 1239 754 longioribus
1259 701 1450 740 Cruribus
1480 717 1502 742 a
1533 702 1692 741 nemine
1725 699 1862 741 descri-

410 760 557 800 buntur
569 772 580 810 3
613 757 896 799 Describuntur
917 772 1013 798 vero
1035 758 1162 810 latae,
1193 758 1440 813 falcataeque
1454 789 1466 809 ,
1486 760 1523 798 8<
1545 761 1743 800 coriaceae
1764 758 1862 799 Stel-

411 817 497 869 lae,
515 831 608 871 quas
629 815 879 857 Tetraffldas
901 828 1068 868 vocant,
1086 817 1274 871 quoniam
1296 817 1493 857 interdum
1515 817 1729 871 quadratae
1751 815 1861 868 sunt,

413 887 456 916 ut
475 876 609 916 videre
630 873 683 915 est
706 874 806 928 apud
828 875 1053 915 LincKium
1085 875 1187 915 Tab.
1213 876 1357 914 XXXI.
1391 876 1427 913 8<
1449 876 1659 914 XXXIIII.
1693 873 1766 913 Sed
1796 873 1862 913 ha—

411 947 501 975 rum
521 931 799 974 Tetratffidum
822 932 1034 972 Stellarum
1064 932 1249 986 exempla
1279 931 1381 986 apud
1410 946 1479 971 nos
1511 945 1588 971 non
1619 930 1828 986 suppetunt
1849 961 1861 972 .

394 988 461 1031 ‘In
481 993 634 1031 Littore
656 992 872 1031 Ravennae
903 1003 1038 1030 tamen
1061 991 1272 1031 Coriaceae
1295 990 1439 1031 Stellae
1459 991 1707 1045 Pentagonae
1728 989 1765 1028 8<
1783 990 1862 1030 Te·

414 1048 597 1090 tractides
618 1049 786 1088 coccinei
809 1048 946 1092 coloris
977 1049 1228 1101 reperiuntur
1248 1078 1260 1098 ,
1291 1062 1457 1102 quarum
1480 1048 1664 1102 exempla
1694 1061 1764 1101 pro
1795 1045 1861 1090 sua

414 1107 662 1160 humanitate
684 1105 732 1146 ad
751 1119 816 1146 me
838 1105 943 1146 mifit
963 1106 1037 1145 Vir
1056 1105 1331 1147 Nobilisfitnus
1351 1105 1537 1161 Josephus
1559 1105 1794 1148 Zinannius.

1630 2609 1791 2649 FNP?
