1951 3085
426 163 519 267 ¹30
726 191 1470 251 DECONCHIS

381 305 521 347 tellam
541 303 702 358 pulchre
721 303 975 344 reticulatam
1005 315 1095 343 cum
1117 302 1312 345 foramine
1333 304 1375 343 in
1395 300 1528 344 medio
1546 298 1735 352 exhibet,
1753 313 1837 356 quo

382 364 509 417 magis
530 375 619 401 cum
641 363 788 403 Balano
808 360 877 400 illo
905 360 1052 414 majore
1075 361 1289 416 compresso
1310 361 1521 402 convenire
1541 359 1698 401 videtur
1717 372 1731 411 5
1763 359 1838 399 Al·

380 433 514 460 terum
544 433 639 460 vero
670 418 833 460 exhibet
854 419 1050 459 Patellam
1071 419 1250 473 glabram
1283 420 1319 458 8<
1341 418 1509 460 clausam
1542 419 1668 473 magis
1698 417 1836 472 vulga-

381 491 492 529 rem,
523 476 586 518 sed
616 478 806 517 Anconae
837 476 1149 531 vulgatissimam
1168 506 1180 527 ,
1211 491 1332 531 quam
1356 477 1460 518 illeic
1491 475 1739 531 Lampadam
1770 490 1843 515 νο·

382 548 497 587 cant,
528 547 709 590 corrupto
730 534 878 575 scilicet
909 534 1069 574 nomine
1101 548 1123 574 a
1145 536 1297 575 Graeco
1317 535 1496 589 Lepade.
1528 536 1718 575 Tertium
1738 534 1839 574 item

381 608 504 649 genus
523 594 765 634 Patellarum
787 593 875 634 heic
897 593 1115 647 reperitur,
1146 592 1209 632 sed
1231 594 1419 634 rariffime
1440 623 1451 645 ‚
1483 591 1629 633 scilicet
1660 591 1837 632 Patellae

383 653 492 692 ferae
524 650 589 693 seu
611 652 798 692 Conchae
812 652 979 693 Auritae
1000 648 1152 702 dietae,
1182 651 1222 690 in
1242 650 1393 691 Histria
1415 664 1550 692 tamen
1579 648 1843 705 frequentissi-

386 724 501 761 mae,
531 723 628 763 quas
650 711 704 750 ibi
735 710 944 751 Auriculas
973 709 1075 751 Divi
1094 709 1201 749 Petri
1221 721 1386 750 vocant.

714 888 758 938 C
800 888 864 938 A
906 887 952 940 P
1002 887 1054 937 V
1091 887 1141 940 Τ
1231 885 1511 938 ΧΧΙΙΙΙ.

576 997 807 1039 CoNcHA
829 997 1156 1037 ANATIFERA
1189 998 1365 1038 MARIS
1389 998 1652 1038 ARIMINI.

390 1110 648 1250 HAnc
670 1111 808 1152 itidem
830 1111 1039 1152 Concham
1062 1111 1138 1152 huc
1159 1111 1299 1164 retuli,
1319 1113 1356 1152 δε
1375 1110 1536 1152 Tabula
1547 1111 1597 1149 V.
1620 1108 1686 1148 sub
1706 1122 1847 1149 nume-

588 1183 631 1209 ro
653 1171 723 1209 IV.
756 1171 866 1224 pingi
887 1171 1044 1221 curavi,
1075 1184 1154 1210 non
1175 1170 1280 1224 quod
1299 1184 1359 1210 res
1380 1170 1507 1208 minus
1530 1180 1624 1208 nota
1644 1167 1689 1206 s1t
1713 1197 1723 1206 .
1755 1168 1847 1207 No·

590 1227 778 1266 tiffimum
800 1229 907 1268 enim
928 1228 981 1269 est
1002 1229 1043 1267 in
1062 1229 1190 1267 Libris
1214 1228 1402 1267 Conchae
1433 1239 1553 1280 genus
1573 1255 1585 1276 ,
1615 1225 1661 1266 de
1683 1239 1760 1279 quo
1791 1223 1849 1265 fa-

393 1282 500 1323 bella
520 1281 610 1324 satis
631 1284 727 1324 trita
747 1296 955 1336 narratur,
985 1284 1090 1339 quod
1112 1284 1257 1325 scilicet
1288 1299 1339 1325 ex
1371 1285 1487 1338 lignis
1508 1283 1673 1338 putridis
1703 1294 1847 1323 natum

390 1341 434 1381 in
457 1342 634 1382 Anatem
654 1341 933 1383 macriffimam
953 1343 994 1381 in
1015 1344 1124 1383 Mari
1136 1344 1362 1383 Britannico
1382 1342 1695 1395 &Hyperboreo
1715 1353 1849 1381 verta·

391 1411 480 1449 tur,
511 1413 533 1438 a
555 1413 632 1451 quo
654 1400 840 1439 Conchae
862 1399 1094 1440 Anatiferae
1117 1414 1261 1440 nomen
1284 1399 1414 1440 sumsit
1433 1431 1443 1439 .
1477 1399 1551 1440 Sed
1582 1399 1721 1438 iccirco
1754 1412 1845 1440 eam

392 1456 482 1496 heic
503 1455 698 1507 describo,
729 1468 772 1496 ut
792 1455 992 1497 ostendam
1013 1457 1054 1497 in
1078 1457 1205 1498 nostro
1226 1458 1348 1499 etiam
1366 1458 1475 1497 Mari
1497 1457 1683 1510 reperiri,
1704 1468 1745 1495 ut
1765 1457 1849 1510 plu-

394 1514 471 1558 ries
492 1513 653 1566 quidem
685 1527 708 1552 a
730 1528 794 1554 me
816 1527 973 1569 reperta
993 1515 1068 1555 fuit
1087 1516 1129 1557 in
1149 1516 1302 1556 Littore
1323 1514 1450 1556 nostro
1481 1515 1596 1569 lignis
1616 1512 1767 1567 rejecstis
1787 1513 1855 1554 ad·-

393 1571 560 1611 haerens
580 1600 590 1611 .
622 1572 834 1612 Praeterea
863 1571 1069 1613 observavi
1101 1575 1286 1614 emittere
1317 1588 1367 1614 ex
1388 1587 1455 1613 ore
1477 1571 1653 1626 Capillos
1673 1571 1818 1612 multos
1836 1601 1850 1623 ,

397 1629 456 1668 uti
477 1629 643 1669 Baianus
672 1631 904 1685 compressus
934 1630 1130 1685 superiore
1151 1633 1278 1686 capite
1300 1631 1510 1685 descriptus
1532 1630 1683 1670 emittit
1703 1659 1715 1680 ,
1746 1630 1855 1684 quod

394 1688 436 1726 P.
458 1688 679 1728 Bonannius
699 1689 862 1739 reticet,
881 1703 1007 1743 neque
1028 1691 1068 1729 in
1090 1689 1162 1730 suis
1173 1690 1340 1731 Tabulis
1359 1690 1512 1744 pinxit.
1544 1690 1642 1728 Non
1663 1688 1857 1729 adhaere-

393 1743 465 1784 scit
485 1756 692 1798 praeterea
712 1747 878 1787 Concha
897 1747 996 1787 haec
1019 1747 1068 1787 ad
1089 1749 1218 1802 Ligna
1238 1748 1492 1796 immediate,
1524 1759 1566 1786 ut
1587 1744 1758 1786 Piffi'tores
1779 1747 1856 1785 im-

393 1803 520 1856 perite
541 1803 629 1842 hei-c
660 1805 697 1840 8<
719 1804 760 1841 in
781 1805 948 1842 Tabulis
979 1806 1020 1843 P.
1044 1805 1221 1844 Bonanni
1239 1805 1429 1856 pinxere,
1461 1802 1526 1844 sed
1555 1803 1605 1844 ab
1635 1803 1715 1844 illis
1748 1803 1854 1859 pecli-

395 1859 482 1899 culo
503 1859 674 1912 quodam
705 1873 845 1899 carneo
876 1860 1047 1912 pendet.

728 2032 772 2082 C
823 2033 888 2084 A
939 2033 986 2084 P
1051 2033 1102 2086 V
1150 2033 1200 2085 T
1288 2033 1343 2084 X
1358 2034 1413 2084 X
1428 2035 1482 2086 V.

400 2142 652 2181 TELLINA
693 2142 963 2183 FASCIATA
1014 2153 1282 2183 DEPRESSA
1329 2154 1538 2185 FAsc113
1588 2154 1860 2198 LACTEIS,

467 2209 631 2240 1NTvs
671 2210 845 2240 FLAVA
868 2229 884 2251 ,.
910 2202 1177 2242 LITTORIS
1208 2203 1611 2243 ARIMJNENSIS.

399 2315 436 2354 1.
463 2317 723 2477 QVum
745 2316 909 2357 Tellina
929 2316 1006 2357 ali-a
1037 2331 1136 2371 quae
1157 2316 1260 2372 apud
1279 2332 1345 2358 nos
1365 2318 1548 2373 frequens
1570 2316 1647 2368 est,
1679 2315 1742 2359 sed
1773 2317 1862 2373 glo»

636 2372 749 2425 bosa,
778 2376 815 2414 8<
838 2375 951 2415 lineis
974 2374 1165 2415 subrubris
1188 2390 1328 2417 ornata
1354 2377 1402 2416 ab
1426 2377 1663 2417 Rondeletio
1685 2376 1860 2417 Concha

637 2430 796 2472 fasciata
819 2433 1042 2487 appelletur
1058 2463 1070 2485 ‚
1102 2433 1305 2474 fasciatam
1326 2434 1533 2475 Tellinam
1563 2435 1665 2475 hanc
1696 2449 1855 2489 quoque

406 2489 740 2544 nuncupavimus.
770 2492 1023 2533 Tellinarum
1053 2493 1161 2534 enim
1190 2494 1349 2535 nomine
1380 2493 1496 2537 hodie
1521 2493 1718 2536 donantur
1749 2495 1862 2534 Con—

1694 2552 1790 2592 eliae
