1951 3085
504 176 575 236 46

492 273 1417 333 COROLLARIVM
1497 269 1831 326 LIBRI

635 391 769 431 ,ΒΕ
803 388 1106 429 CoNcnis
1141 388 1363 427 MINVS
1397 385 1634 425 No’rrs.

550 507 689 547 PAG.
716 505 780 545 18.
815 506 917 559 Cap.
939 507 988 543 X.
1017 501 1102 558 post
1133 503 1326 542 num.III.
1360 499 1533 540 Adde'nd.

491 567 589 604 IIII.
624 566 671 603 In
704 562 811 602 Mari
842 561 969 602 nostro
1001 561 1198 615 reperitur
1228 560 1410 613 frequens
1441 555 1663 597 Tubularia
1694 553 1894 610 quaedam

432 622 671 663 Vermiculis
702 620 959 670 tenuiffimis,
989 619 1027 658 8<
1049 618 1222 659 testaceis
1253 615 1360 658 ar&e
1392 617 1497 656 inter
1517 613 1555 656 se
1586 613 1775 668 implexis
1803 626 1892 653 con-

430 680 554 731 stans,
586 681 653 733 qui
676 678 894 718 Vermiculi
927 691 1005 718 non
1026 676 1316 717 convolvuntur
1347 675 1387 714 in
1409 674 1567 727 Spiram
1597 683 1640 712 ut
1660 670 1892 712 anteceden-

434 749 517 787 teS,
548 736 611 776 sed
643 734 748 776 recia
773 736 987 789 procedunt
1007 764 1018 786 ,
1050 735 1086 774 8(
1117 736 1157 774 in
1179 735 1308 775 varios
1328 730 1552 781 fasciculos,
1583 730 1649 770 ubi
1681 744 1722 768 os
1753 741 1893 769 eorum

434 794 608 836 cernitur
627 823 639 843 ,
670 792 846 833 desinunt
870 822 881 833 .
923 792 1182 833 Admirabilis
1218 792 1316 833 haec
1349 791 1606 830 minimorum
1637 786 1891 827 Tubulorum

435 852 652 906 Congeries
672 862 836 905 propter
854 865 992 892 eorum
1010 851 1277 905 exiguitatem
1308 850 1345 888 8<
1365 846 1652 902 implicationes
1671 845 1804 886 varias
1822 845 1892 885 Fi-

434 907 600 965 lograna
629 909 749 963 vulgo
781 909 1021 963 appellatur.

497 970 543 1007 V.
576 967 837 1021 Frequentius
857 966 906 1007 ad
927 966 1063 1007 Testas
1087 964 1317 1006 ostreorum
1348 962 1606 1005 adhaerentes
1638 962 1891 1016 reperiuntur

436 1025 588 1065 Tubuli
610 1025 679 1064 alii
698 1025 827 1078 longi,
858 1025 894 1063 8<
914 1023 1032 1064 instar
1049 1024 1209 1064 Calarni
1230 1023 1435 1077 Scriptorii
1457 1021 1588 1071 erasti,
1619 1021 1686 1075 qui
1708 1018 1816 1060 reeca
1837 1018 1892 1060 as-

437 1081 623 1136 surgunt,
653 1082 690 1120 8<
711 1083 809 1121 mire
833 1082 872 1120 in
893 1080 1091 1122 fasciculos
1112 1081 1399 1134 protenduntur
1418 1110 1430 1131 ,
1462 1078 1526 1119 sed
1548 1092 1767 1132 numquam
1788 1079 1893 1119 inter

439 1138 476 1179 se
508 1139 763 1194 implicantur
792 1140 829 1178 8<
850 1140 1059 1190 uniuntur,
1089 1151 1132 1178 ut
1154 1137 1389 1193 superiores,
1420 1137 1484 1178 sed
1503 1136 1642 1192 finguli
1662 1135 1817 1190 semper
1838 1134 1893 1175 di-

439 1195 567 1237 stinffi
598 1198 702 1238 inter
733 1195 770 1236 se
802 1196 840 1236 8<
860 1195 981 1239 ereffi
1003 1208 1187 1238 manent.

553 1281 692 1321 PAG.
719 1293 782 1332 34.
817 1281 918 1334 Cap.
940 1281 1145 1319 XXVII.
1176 1279 1352 1319 Addend.

495 1338 594 1378 1111.
628 1338 836 1377 Invenitur
865 1338 903 1375 8<
932 1338 972 1377 in
992 1336 1122 1377 nostror
1139 1338 1248 1377 Mari
1280 1334 1445 1377 Concha
1465 1334 1661 1390 quaedam
1691 1333 1893 1390 oblonga,

439 1396 638 1448 elliptica,
670 1393 807 1434 &satis
829 1394 971 1444 crassa,
992 1409 1097 1448 qua-e
1116 1408 1194 1434 non
1214 1396 1319 1436 male
1341 1395 1389 1435 ad
1411 1394 1568 1436 Solenes
1586 1391 1710 1448 potest
1731 1393 1893 1434 referri.

438 1453 653 1506 Singularis
675 1451 751 1503 est,
782 1451 886 1506 quod
906 1452 1070 1492 Animal
1094 1452 1172 1504 ejus
1191 1453 1261 1492 vix
1282 1466 1354 1506 per
1374 1453 1538 1493 tertiam
1557 1463 1713 1506 partem
1744 1465 1767 1491 a
1788 1452 1894 1491 Con-

440 1511 515 1551 cha
538 1522 718 1565 tegatur.
752 1511 885 1564 Caput
905 1509 1017 1563 hujus
1036 1509 1194 1550 Solenes
1214 1509 1361 1562 refert,
1391 1508 1454 1549 sed
1486 1510 1527 1549 in
1558 1510 1684 1550 altera
1705 1509 1892 1551 extrem-i·

438 1580 527 1610 tate·
555 1568 647 1609 duas
679 1568 927 1622 Appendices
947 1597 958 1619 ,
991 1567 1055 1607 seu
1076 1566 1227 1607 Duehis
1246 1569 1484 1609 excretorios
1507 1566 1739 1617 exstantei's,
1769 1567 1806 1606 8(
1838 1577 1893 1608 te-

441 1627 558 1668 reteis
579 1626 746 1666 ostentat
764 1656 774 1665 .
807 1624 1044 1669 Vniversum
1066 1626 1232 1668 Animal
1264 1625 1502 1667 extrinsecus
1533 1624 1787 1681 pulcherrimi
1807 1638 1888 1665 coc-

439 1685 541 1726 cinei
573 1684 711 1725 coloris
742 1683 816 1726 est.

557 1770 696 1811 PAG.
724 1784 788 1823 37.
823 1772 923 1826 Cap.
946 1770 1008 1813 II.
1041 1769 1216 1812 Addendss

493 1828 569 1868 III.
604 1827 738 1869 Verno
759 1841 938 1882 tempore
959 1829 1000 1868 in
1021 1830 1130 1868 Mari
1147 1829 1274 1868 nostro
1295 1829 1448 1883 capitur
1459 1828 1614 1869 Cancer
1635 1826 1795 1881 quidam
1816 1826 1894 1868 Iae-

442 1887 503 1926 vis
534 1885 818 1936 crassiusculus,
848 1884 1049 1936 subrufus,
1076 1886 1112 1924 8(
1134 1885 1324 1939 quadrata
1343 1886 1469 1926 forma
1491 1885 1676 1925 donatus·
1709 1887 1746 1924 Is
1766 1885 1895 1926 oculos

441 1945 547 1985 inter
569 1942 604 1983 se
627 1942 838 1983 admodum
859 1954 1051 1994 remotos,
1082 1943 1118 1981 8<
1139 1944 1179 1982 in
1202 1944 1459 1986 extremitate
1482 1943 1583 1983 rami
1613 1941 1810 1995 cujusdam
1832 1957 1896 1996 cy-

435 2001 590 2044 lindrici
613 2002 715 2055 gerit
736 2030 750 2051 ,
780 2000 991 2055 conditque
1011 2014 1075 2042 eos
1095 2014 1172 2042 una
1195 2015 1285 2041 cum
1308 2001 1470 2042 ramulis
1490 2000 1564 2041 suis
1584 2001 1689 2042 intra
1710 2015 1896 2042 cavernu-

438 2059 545 2110 lam,
576 2073 695 2113 quam
715 2060 756 2098 in
776 2059 963 2110 Cortice,
983 2057 1048 2100 seu
1064 2060 1214 2099 Cranio
1235 2059 1355 2102 habet
1376 2059 1645 2115 exsculptam.
1678 2058 1809 2115 Vulgo
1830 2074 1894 2100 vo-

441 2130 580 2159 cantur
601 2117 747 2157 Cancri
768 2117 809 2156 hi
831 2117 1008 2170 Illyrici,
1039 2116 1104 2158 seu
1134 2118 1353 2158 Dalmatici
1367 2148 1377 2158 .

557 2202 695 2241 PAG.
718 2212 785 2253 45.
819 2202 920 2256 Cap.
942 2201 1033 2240 III.
1065 2202 1236 2242 num.II.
1269 2201 1445 2242 Addend.

500 2260 563 2299 Re
594 2258 733 2299 melius
752 2257 941 2313 perpensa
971 2270 1133 2313 propter
1152 2259 1307 2312 copiam
1330 2262 1552 2300 Pennarum
1574 2260 1827 2300 Marinarum
1849 2259 1899 2299 ad

440 2330 508 2357 nos
530 2316 692 2366 allatas,
721 2317 886 2371 cognovi
908 2317 976 2356 has
998 2331 1139 2357 revera
1160 2317 1209 2357 ad
1230 2317 1385 2358 Plantas
1408 2318 1600 2368 marinas,
1621 2316 1684 2358 seu
1708 2318 1756 2357 ad
1777 2319 1902 2359 Cera-

444 2374 612 2428 tophyta
644 2373 717 2415 esse
750 2374 970 2416 referendas
991 2405 1001 2415 .
1034 2373 1202 2415 Radices
1225 2374 1373 2417 habent
1394 2376 1500 2417 albas
1519 2375 1594 2416 hae
1618 2377 1772 2416 Pennae
1793 2405 1805 2427 ,
1836 2375 1900 2416 sed

443 2434 597 2473 Cortex
623 2433 750 2472 trunci
782 2433 839 2472 uti
870 2433 908 2472 8<
928 2433 1023 2474 folia
1045 2433 1198 2488 pulchri
1219 2434 1463 2475 Amaranthi
1487 2434 1625 2474 coloris
1647 2433 1700 2474 est
1720 2464 1730 2474 .
1764 2436 1899 2487 Quare

444 2504 522 2531 non
543 2490 647 2531 male
670 2491 802 2530 vocari
822 2490 946 2545 potest
977 2491 1051 2532 hoc
1073 2491 1234 2534 Plantae
1264 2506 1385 2548 genus
1408 2506 1416 2532 :
1452 2492 1744 2550 Ceratophyton
1773 2492 1901 2533 DIar‘is

444 2549 585 2606 Superi
614 2551 792 2590 Pennana
820 2549 985 2604 referens
997 2580 1007 2590 .
