1951 3085
453 197 515 270 38
720 198 857 252 DE
941 195 1473 253 CONCHIS

376 323 464 349 rum
485 308 608 349 cibos.
641 305 816 347 Secunda
836 303 1054 344 Gibbarum
1075 302 1130 344 est
1148 305 1296 358 Capite
1316 302 1504 355 rostrato,
1524 317 1623 359 quae
1645 317 1668 345 a
1689 303 1829 345 nostris

375 369 612 407 Caminarus
631 364 773 404 dicitur
791 393 801 402 .
833 363 978 402 Tertia
996 361 1164 416 denique
1188 362 1337 416 Squilla
1360 362 1611 416 praecedenti
1642 362 1758 417 plane
1779 361 1822 402 si-

375 424 502 474 milis,
533 421 596 463 sed
614 422 746 477 paullo
768 422 922 470 minor,
951 419 991 458 &
1019 434 1096 460 non
1116 420 1280 461 rostrata
1300 451 1312 472 ‚
1342 435 1443 475 quae
1474 421 1646 475 Squillae
1677 433 1826 460 nomen

374 480 479 536 apud
498 480 641 520 nostros
660 480 804 520 retinet
826 508 835 518 .
869 479 954 517 Has
974 476 1066 516 duas
1098 491 1175 517 una
1206 479 1364 533 capiunt
1386 479 1532 519 retibus
1552 477 1626 518 suis
1657 478 1828 519 Piscato-

376 553 459 590 res,
481 554 579 593 quae
601 536 732 579 coctae
754 535 949 577 rufescunt
971 548 1012 575 ut
1033 536 1263 575 Cammari.
1297 536 1454 577 Crudae
1475 539 1598 579 etiam
1618 536 1832 576 comedun-

377 609 463 647 tur,
493 598 656 650 suntque
678 608 845 650 utroque
864 593 980 634 modo
1000 593 1203 648 gratillimi
1224 593 1391 648 saporis,
1422 594 1554 635 &esca
1568 609 1722 649 quoque
1745 593 1831 634 sua-

376 656 529 695 viffima
550 655 716 694 Piscibus
737 654 864 703 fiunt,
895 666 973 706 qua
1004 651 1216 692 Pilcatores
1247 665 1412 693 utuntur
1442 666 1485 692 ut
1516 666 1580 693 eos
1611 654 1794 692 irretiant
1814 681 1825 692 .

378 714 537 767 Squillis
558 713 726 766 denique
747 712 883 752 Gibbis
913 723 1073 765 propter
1092 712 1336 763 parvitatem
1366 712 1403 750 δ(
1434 709 1667 750 ῆηιξὶυῑωη
1698 710 1832 762 adjun-

377 772 496 825 gendi
516 771 641 811 etiam
659 770 778 809 ess'ent
799 770 948 808 Pulices
969 769 1112 807 marini
1132 797 1144 818 ‚
1175 781 1217 808 ut
1241 769 1402 808 cuilibet
1423 769 1649 808 attendenti
1680 767 1723 807 fit
1745 782 1830 808 ma-

377 828 560 869 nifestum
580 857 589 866 .
623 830 733 867 Inter
756 826 983 867 Crustaceos
1004 826 1199 879 longiores
1219 826 1282 865 hic
1303 829 1552 880 reperiuntur
1575 826 1704 865 Astaci
1724 854 1736 874 ,
1766 824 1830 865 sed

379 887 503 926 rarius
520 885 661 935 modo,
689 883 815 924 nescio
847 898 924 938 qua
955 884 1004 923 de
1025 883 1175 934 caussa,
1206 898 1326 937 quam
1356 885 1452 923 olim
1471 913 1480 923 .
1514 886 1629 922 Inter
1655 882 1743 921 istos
1774 883 1830 921 in-

380 944 536 984 terdum
558 944 726 982 maximi
752 944 1004 996 reperiuntur
1023 940 1282 995 sesquipedali
1302 942 1547 996 longitudine
1570 971 1579 980 .
1613 940 1741 980 Crudi
1770 954 1836 980 va-

384 1003 432 1041 rii
465 1001 549 1041 sunt
570 1001 730 1049 coloris,
763 999 829 1040 sed
859 998 958 1040 coefi
988 1002 1144 1053 penitus
1175 1000 1337 1040 rubent.
1372 1002 1507 1053 Quare
1529 999 1580 1040 ad
1598 1000 1837 1041 Cammaros

383 1060 421 1099 8<
441 1059 509 1114 ipsi
530 1059 767 1108 revocandi,
799 1070 841 1097 ut
873 1058 955 1097 fert
983 1058 1109 1097 etiam
1138 1072 1280 1098 eorum
1300 1058 1450 1098 forma»

775 1232 1242 1285 CAPVT·
1327 1233 1448 1285 III.

383 1344 595 1385 STELLA
629 1345 856 1383 MARINA
889 1343 1578 1384 EcmNATIs'RoNDELETH
1618 1351 1840 1382 AFFINIS

443 1403 620 1442 SPINIS
660 1411 866 1441 CARENS
891 1428 903 1448 ,
948 1410 1222 1440 MEDIOCRI
1261 1411 1701 1452 MAGNITVDINE,
1727 1402 1840 1440 L1T·

442 1469 612 1509 *ToRts
645 1460 1049 1499 ARIMINENSIS.

388 1576 426 1614 Ι..
540 1574 702 1616 Tellam
721 1573 847 1625 hanc,
878 1573 981 1626 cujus
1004 1571 1205 1614 interdum
1224 1573 1459 1615 immensam
1480 1573 1564 1614 vim
1585 1571 1666 1628 post
1686 1570 1838 1613 Procel·

447 1579 528 1712 S
559 1633 616 1673 las
646 1634 796 1674 evomit
817 1632 988 1672 nostrum
1011 1635 1127 1672 Mare
1149 1662 1162 1683 ,
1192 1646 1293 1686 quae
1324 1644 1486 1686 propter
1506 1634 1659 1685 Corpus
1690 1630 1841 1671 med100

561 1705 623 1731 cre
657 1704 746 1730 cum
767 1691 937 1730 Araneis
959 1691 1169 1738 maioribus
1189 1692 1467 1744 cognationem
1487 1689 1703 1744 quamdam
1722 1689 1840 1728 habe-

390 1762 437 1788 re
455 1748 633 1799 videtur,
654 1749 813 1790 Tabula
824 1751 899 1788 iv„
917 1748 1123 1803 figuraIV.
1144 1748 1211 1787 sub
1232 1749 1369 1788 littera
1387 1749 1429 1787 D
1459 1749 1568 1802 pingi
1599 1747 1845 1797 curavimus,

391 1818 508 1859 atque
542 1807 588 1845 iis
608 1807 830 1844 nominibus
861 1808 900 1844 in
934 1806 1106 1859 apposito
1137 1806 1255 1844 titulo
1285 1805 1516 1844 donavimus
1535 1835 1547 1856 ‚
1578 1804 1681 1858 quod
1713 1805 1842 1843 minus

388 1876 507 1912 nota,
537 1864 576 1901 8<
595 1864 634 1900 in
647 1862 773 1900 Libris
795 1876 874 1900 non
896 1861 985 1900 satis
1009 1863 1105 1900 bene
1126 1860 1321 1913 descripta
1339 1862 1542 1900 videatur.
1575 1862 1715 1900 Affinis
1734 1862 1844 1901 enim

390 1919 549 1962 videtur
568 1917 797 1958 Lacertosae
819 1918 977 1957 Linckii
998 1918 1105 1957 Tab.
1123 1919 1176 1955 II.
1210 1920 1342 1956 num.⁰
1362 1920 1433 1956 IV.
1466 1917 1531 1958 secl
1559 1918 1671 1971 hujus
1692 1919 1846 1972 Corpus

392 1992 483 2018 cum
504 1977 618 2017 radiis
640 1975 828 2027 majorem
848 1975 1143 2029 proportio-nem
1164 1974 1286 2015 habet
1309 1989 1430 2029 quam
1451 1976 1551 2016 haec.
1567 1975 1715 2016 nostra.
1741 1979 1849 2017 Item

392 2037 670 2089 cogn-ationem
690 2034 835 2074 habere
857 2034 1016 2073 videtur
1035 2047 1128 2073 cum
1146 2034 1388 2074 Lumbricali
1402 2035 1654 2088 Longicauda
1674 2033 1846 2087 ejusdem

395 2094 501 2133 Tab.
522 2095 590 2132 XI.
624 2105 736 2131 num.
756 2093 889 2131 XVIL
918 2091 982 2132 sed
1001 2093 1135 2131 minor·
1150 2091 1365 2132 admodum
1386 2091 1440 2132 est
1473 2093 1729 2134 Ariminensis
1749 2123 1759 2132 .
1792 2093 1849 2132 Si-

393 2151 528 2192 milior
548 2163 686 2191 tamen·
707 2149 863 2190 videtur
884 2151 1028 2190 Stellae
1044 2150 1285 2189 Lumbricali
1310 2165 1470 2204 corpore
1494 2151 1680 2192 lateribus
1701 2151 1847 2191 lunatis

394 2206 565 2262 ejusdem
586 2208 744 2248 Tabula
757 2209 884 2247 XXII.
907 2222 1014 2248 num.
1028 2209 1188 2247 XXXV.
1211 2209 1247 2247 8<
1260 2209 1507 2263 aliquantum
1519 2212 1750 2264 Pentagono
1764 2210 1850 2249 Sco-

396 2266 640 2320 Iopendroidi
664 2266 836 2320 regulari·
865 2280 976 2305 num„
991 2268 1112 2305 XLV.
1135 2266 1292 2307 Tabula
1315 2269 1482 2307 XXVII.
1516 2266 1579 2308 sed
1613 2268 1740 2320 rna-gis
1771 2267 1851 2321 gla-

399 2324 471 2364 bra
492 2323 544 2363 est
565 2324 821 2363 Ariminensis
841 2353 850 2362 .
885 2327 1017 2379 Quare
1038 2338 1159 2378 quum
1178 2325 1274 2365 haec
1295 2326 1418 2365 Stella
1443 2326 1578 2366 multis
1609 2324 1768 2379 quidem
1802 2325 1848 2365 sit

399 2382 546 2427 affinis„
577 2382 676 2421 nulli
696 2396 790 2421 vero
811 2380 1027 2436 descriptae
1050 2382 1213 2434 eadem,
1244 2384 1319 2424 huc
1349 2385 1455 2424 inter
1486 2398 1544 2425 res
1575 2385 1703 2423 minus
1734 2396 1846 2424 notas

402 2440 627 2480 attulimus.
660 2441 859 2494 Corpore,
878 2455 921 2480 ut
941 2441 1046 2489 dixi,
1069 2440 1121 2481 est
1140 2455 1286 2495 parvo,
1315 2458 1362 2484 ea
1384 2442 1529 2484 scilicet
1550 2442 1847 2496 magnitudine,

399 2510 525 2551 quam
554 2498 675 2540 allata
694 2499 841 2554 Figura
861 2498 1129 2556 repraesentat
1151 2529 1160 2541 .
1192 2502 1257 2542 Ex
1277 2501 1356 2555 ejus
1377 2516 1442 2544 ore
1474 2502 1500 2542 si
1523 2515 1660 2557 corpus
1684 2502 1856 2554 compsi--

1710 2574 1798 2600 ma·-
