1951 3085
469 258 528 302 24
763 229 1498 290 DECoNcHis

388 346 559 387 <Testam
588 342 735 384 indicat
766 343 824 382 uti
843 342 1079 384 naturaliter
1100 352 1264 396 apparet
1286 372 1295 382 .
1327 342 1523 397 Reliquae
1544 339 1709 382 Testam
1738 341 1839 384 refe-‘

382 415 486 443 sunt
507 403 619 443 vitris
638 401 874 454 ampliatam
887 428 897 439 .

395 497 1847 529 ωψψψψψψψωωψψωψαμψωψψ

770 577 1207 629 CAPVT
1288 577 1458 628 XVI.

472 689 777 729 CONCHVLA
818 696 988 727 NIGRA
1022 688 1169 728 VVAE
1204 687 1427 734 AciNVM
1467 690 1770 727 REFERENSL

399 785 559 924 H
579 781 671 835 Vjus
702 783 850 836 pariter
880 781 1022 822 Testae
1054 781 1147 835 quid
1168 781 1309 826 addam
1331 782 1470 832 titulo,
1502 782 1557 821 nil
1587 782 1669 822 sere
1689 781 1849 821 bahem

599 842 710 881 Haec
733 840 892 880 bivalva
913 839 965 880 est
987 869 997 889 ,
1029 841 1141 893 nigra
1162 839 1338 893 semper,
1370 841 1406 878 8<
1428 841 1467 878 in
1488 839 1704 880 sedimento
1725 838 1852 878 nostro

598 912 675 937 non
696 898 867 937 multum
888 897 1068 951 frequens
1088 926 1097 936 .
1132 898 1239 951 Apte
1262 897 1440 952 expressa
1462 897 1534 937 fuit
1557 895 1744 936 methodo
1766 894 1852 935 soli-

399 966 464 1007 ta,
496 956 652 1004 Tabula
673 959 703 996 I.
738 955 861 1011 figura
881 958 929 995 X.

761 1133 1188 1185 CAPVT
1269 1133 1483 1186 XVII.

400 1241 748 1282 BVCCINVLvs
783 1244 1047 1282 LITTORIS
1083 1243 1460 1283 ARIMINENSIS
1507 1243 1719 1283 OLIVAE
1753 1239 1851 1280 Nv-

460 1309 643 1339 CLEVM
682 1310 998 1339 AEMVLANS.

545 1395 679 1436 Estam
703 1396 826 1445 lia-nc,
847 1409 946 1448 quae
968 1409 1056 1434 cum
1079 1396 1254 1435 Buccinis
1277 1397 1486 1446 convenit,
1506 1394 1764 1435 Buccinulum
1785 1404 1849 1447 ap-

452 1401 484 1532 ἕ
534 1469 538 1473 ·
564 1452 734 1507 pellavi,
765 1453 867 1506 quod
888 1467 1009 1506 parva
1030 1453 1075 1492 sit
1097 1483 1107 1503 ,
1139 1454 1176 1491 8<
1197 1454 1471 1507 magnitudine
1494 1453 1678 1493 nucleum
1703 1451 1848 1491 Olivae

565 1524 642 1550 non
663 1510 827 1551 excedat
849 1539 858 1550 .
893 1512 975 1550 Ore
1008 1510 1060 1551 est
1083 1510 1295 1550 admodum
1318 1510 1470 1560 clauso,
1502 1512 1539 1550 8<
1561 1525 1637 1549 non
1660 1511 1714 1548 ita
1738 1520 1849 1562 patu·-

399 1567 438 1607 lo
454 1599 464 1618 ‚
498 1579 540 1608 ut
561 1568 664 1608 male
686 1568 954 1622 expresserunt
978 1569 1161 1608 Artifices
1183 1568 1299 1608 nostri
1322 1569 1480 1608 Tabula
1501 1571 1554 1607 Π.
1590 1568 1713 1622 figura
1734 1568 1848 1606 VIII.

400 1624 467 1665 sub
499 1627 632 1666 littera
652 1629 697 1665 L.
730 1626 868 1666 melius
899 1627 1034 1666 littera
1056 1628 1115 1667 M.
1148 1639 1303 1680 partem
1327 1626 1514 1679 posticam
1547 1623 1814 1679 repraesentat
1837 1653 1847 1663 .

399 1683 523 1724 Color
543 1683 652 1736 hujus
674 1683 814 1725 Testae
836 1684 888 1725 est
909 1685 1137 1739 plumbeus,
1168 1684 1232 1725 seu
1254 1686 1428 1724 cinereus
1449 1715 1458 1724 .
1493 1687 1678 1738 Ignotam
1699 1682 1850 1735 paritet·

401 1741 473 1780 effe
505 1742 606 1782 hanc
627 1741 789 1782 Testam
821 1745 860 1782 in
880 1744 1008 1782 Libris
1028 1742 1143 1782 video
1164 1773 1175 1794 ,
1207 1755 1246 1784 at
1267 1743 1449 1796 frequens
1472 1742 1525 1781 est
1547 1743 1587 1780 in
1607 1742 1760 1780 Littore
1785 1753 1850 1777 no-

397 1797 474 1837 stro
494 1828 505 1848 ,
536 1799 572 1836 8<
593 1799 722 1839 Stellis
743 1801 904 1838 marinis
936 1801 1021 1839 cibo
1043 1799 1097 1837 est
1117 1827 1128 1848 ,
1159 1812 1366 1852 propterea
1388 1801 1480 1853 quia
1501 1799 1667 1839 rotunda
1688 1799 1756 1848 sit,
1784 1795 1851 1836 seu

398 1855 611 1906 cylindrica
642 1867 684 1894 ut
705 1856 818 1894 facile
851 1857 899 1894 ab
921 1858 965 1893 iis
986 1855 1248 1907 deglutiatur.

394 1951 1846 1980 &QQQQQQUAQQU‘QJQQWQQWQCWWCQ

747 2032 790 2080 c
833 2032 895 2082 A
939 2032 983 2083 P
1035 2030 1085 2080 V
1124 2031 1172 2082 T
1263 2031 1512 2103 XVIII,

395 2139 936 2180 BVCCINVM‘MEDIVM
966 2149 1203 2181 MACVLIS
1233 2151 1416 2182 Fvscis
1446 2152 1512 2182 ET
1541 2152 1731 2183 FLAVIS
1761 2153 1846 2183 Do-

457 2207 646 2238 NATVM
675 2209 738 2238 Ex
764 2200 1009 2238 LITTORE
1034 2200 1400 2240 ARIMINENSI.

394 2292 426 2330 I·
455 2295 710 2432 }{Anc
731 2294 893 2334 Testam
915 2309 1033 2349 quam
1056 2296 1204 2349 pariter
1226 2297 1264 2336 in
1285 2297 1413 2338 Libris
1433 2311 1508 2338 non
1532 2296 1766 2349 descriptam
1789 2312 1844 2338 re·

650 2353 734 2405 peri
755 2382 767 2403 ,
799 2367 976 2407 quaeque
998 2367 1074 2393 non
1098 2354 1320 2408 infrequens
1341 2357 1379 2395 in
1400 2356 1554 2395 Littore
1575 2354 1701 2394 nostro
1725 2385 1735 2405 ‚
1767 2356 1842 2395 huc

651 2411 788 2460 attuli,
819 2412 855 2450 8<
873 2412 1083 2451 Buccinum
1109 2411 1282 2453 medium
1304 2414 1526 2467 appellavi,
1559 2413 1651 2467 quia
1672 2413 1837 2455 *mediae

393 2465 674 2518 magnitudinis
696 2467 747 2506 est
768 2470 872 2509 inter
892 2470 1190 2510 antecedentem
1205 2500 1216 2519 ,
1238 2472 1273 2511 ἃ
1295 2472 1474 2527 vulgaria
1496 2472 1663 2514 Buccina
1684 2501 1693 2510 .
1726 2473 1841 2512 Haec

394 2523 568 2577 expressa
588 2524 662 2564 suit
694 2523 760 2564 snb
782 2540 888 2567 num„
903 2530 972 2568 VI.
997 2528 1178 2575 Tabulae
1201 2530 1248 2571 V.

1599 2591 1652 2628 II.
1675 2589 1781 2629 Huic
