1951 3085
408 170 778 229 MINVS
860 171 1237 232 N0T1s.
1405 196 1466 247 43

97 279 1538 312 QQQQQWQQQQWQQQQWWQQ

485 359 947 412 CAPVT
1046 360 1136 413 ΙΙ.

93 469 301 510 VRTICA
334 470 546 510 SOLVTA
581 470 1030 510 CARYOPHYLLVM
1071 480 1351 513 REFERENS
1383 501 1396 524 ,
1441 482 1538 521 SEV

149 527 328 569 PoDEx
368 537 612 568 MARINVS
652 537 1000 568 ESCVLENTVS
1035 528 1209 568 MAais
1243 531 1460 571 SVPERI.

326 686 386 726 stis
416 687 650 726 haerentem
664 714 675 736 ,
707 696 823 739 atque
844 684 1082 727 esculentam
1102 715 1114 736 ,
1145 700 1265 740 quam
1288 688 1444 728 Tabula
1465 690 1538 728 IV.

324 742 390 782 sub
413 742 536 797 figura
559 745 627 782 VI.
660 744 697 782 8<
716 743 851 785 littera
873 746 908 784 G
940 741 1231 797 repraesentat.
1265 745 1451 795 Ejusdem
1474 760 1539 800 ge-

90 801 191 844 neris
212 801 370 841 videtur
401 815 443 841 ac
440 775 533 841 offla
564 814 683 855 quam
704 802 961 842 Rondeletius
993 802 1175 842 Vrticam
1206 803 1365 843 rubram
1398 816 1538 855 vocat,

90 871 209 914 atque
231 874 253 899 a
274 859 524 913 Popularibus
545 858 617 899 suis
638 859 687 914 (ιι
696 858 713 913 >
743 859 938 914 Posterol,
968 860 1033 900 vel
1059 859 1141 899 Cul
1159 862 1205 901 de
1225 860 1386 901 Cheval
1406 863 1540 916 appel-

89 917 162 957 lari
183 917 299 957 dicit.
332 918 487 957 Coloris
507 918 638 957 carnei
662 919 784 960 etiam
804 917 858 959 est
877 917 1029 969 nostra,
1046 918 1254 973 &propter
1274 918 1352 972 ejus
1363 920 1537 959 formam

88 975 239 1015 Culum
260 976 459 1016 marinum
489 975 608 1029 vulgo
639 977 846 1016 vocitant.
880 976 955 1016 Sed
976 976 1044 1015 illa
1065 976 1292 1016 Rondeletii
1326 977 1379 1017 est
1411 977 1539 1029 major

87 1034 124 1072 8<
143 1033 293 1085 latior,
324 1033 451 1074 nostra
483 1031 663 1074 εάἢῐίἇὶα
694 1032 848 1086 lemper
878 1044 920 1072 ut
941 1033 1262 1085 Caryophyllum
1294 1035 1387 1074 flore
1420 1034 1537 1087 pleno

87 1091 255 1143 referat,
288 1103 330 1131 ut
350 1092 390 1131 in
413 1092 528 1131 titulo
550 1091 746 1130 innuimus
765 1119 777 1141 ,
809 1091 845 1129 8<
867 1104 917 1130 ex
938 1089 1059 1129 allata
1082 1089 1207 1145 figura
1239 1104 1398 1132 cernere
1421 1092 1536 1131 licet.

88 1150 185 1189 Puto
207 1163 360 1204 quoque
381 1149 481 1189 hanc
502 1147 671 1188 nostram
703 1148 912 1203 aliquando
935 1147 1100 1188 solutam
1132 1149 1268 1203 'vagari
1288 1178 1300 1200 ,
1332 1163 1452 1203 quum
1473 1164 1540 1189 va-

87 1207 154 1247 riis
175 1209 310 1257 rebus,
328 1207 463 1261 Lignis
484 1205 653 1256 scilicet,
674 1207 785 1246 Saxis
805 1208 841 1246 8<
855 1205 1006 1257 Testis,
1026 1218 1068 1246 ut
1090 1205 1196 1257 dixi,
1218 1206 1405 1258 haeream
1427 1221 1539 1260 prac-

88 1263 224 1305 sertim
246 1278 340 1305 vero
362 1263 508 1305 Ostreis
528 1263 716 1304 adhaeret
740 1292 752 1314 ‚
784 1276 902 1318 atque
935 1265 983 1303 ab
1007 1264 1066 1303 his
1096 1263 1201 1305 facili
1222 1266 1382 1318 negotio
1403 1265 1540 1305 avelli-

88 1334 174 1363 tur.
207 1324 321 1362 Haec
343 1335 450 1362 more
474 1320 706 1361 Ostrearum
727 1323 929 1375 coquitur,
961 1322 998 1360 8<
1020 1334 1096 1361 una
1118 1336 1208 1362 cum
1228 1322 1315 1376 ipfis
1334 1352 1346 1375 ‚
1377 1322 1539 1377 quibus,

89 1393 133 1421 ut
153 1380 259 1431 dixi,
289 1379 597 1433 frequentissime
620 1379 760 1418 haeret
781 1408 794 1429 ‚
824 1378 1065 1420 comeditur.

145 1441 199 1478 ΙΙ.
232 1438 339 1477 Huic
361 1437 520 1478 Vrticae
552 1435 788 1476 accensenda
819 1436 872 1477 est
904 1436 983 1477 alia
1014 1435 1144 1477 media
1164 1467 1176 1488 ,
1207 1435 1270 1477 sed
1300 1435 1537 1492 oblongior‚

88 1510 210 1550 quam
230 1495 396 1535 solutam
427 1494 626 1536 interdum
657 1508 766 1535 mare
789 1494 961 1534 nostrum
982 1494 1130 1548 rejicit.
1163 1498 1267 1536 Item
1300 1495 1376 1536 alia
1407 1496 1541 1550 globo-

87 1554 181 1595 fior.
214 1553 291 1593 Sed
319 1567 409 1593 cum
431 1553 505 1593 hac
528 1552 707 1593 maxime
728 1554 913 1594 convenit
933 1554 1070 1593 Vrtica
1096 1553 1290 1607 quaedam
1312 1566 1436 1607 parva
1466 1554 1541 1596 fre-

88 1611 337 1666 quentiffima
353 1642 365 1663 ‚
395 1626 495 1666 quae
517 1610 686 1652 Tellinis
706 1610 842 1651 nostris
874 1611 1088 1666 variegatis
1118 1612 1338 1653 recentibus
1367 1610 1506 1652 haeret
1525 1641 1538 1663 ,

88 1684 134 1710 ac
154 1684 224 1725 pro
252 1682 345 1709 nota
365 1684 501 1710 earum
522 1670 719 1710 recentiae
741 1669 910 1711 habetur
930 1699 942 1721 ,
973 1670 1010 1709 8<
1031 1683 1121 1709 cum
1140 1670 1320 1710 omnibus
1350 1682 1542 1724 perpetuo

88 1728 252 1770 haereat
274 1739 481 1780 tamquam
505 1741 591 1780 pars
611 1727 806 1780 quaedam
826 1741 961 1770 earum
982 1738 1164 1781 putatur.

146 1788 225 1827 III.
259 1786 420 1824 Vrticae
442 1785 582 1823 rubrae
604 1796 765 1836 propter
785 1786 955 1823 colorem
977 1786 1099 1823 affinis
1119 1785 1172 1824 est
1203 1785 1321 1825 massa
1342 1785 1540 1838 quaedam

86 1843 265 1884 informis
277 1840 434 1896 Lignis,
453 1841 615 1880 &Saxis
638 1840 804 1880 haerens
826 1854 946 1894 quam
958 1842 1135 1881 Carnem
1156 1842 1354 1882 marinam
1374 1855 1541 1894 vocant,

86 1912 297 1956 propterea
321 1899 423 1954 quod
442 1897 610 1938 frustulis
632 1897 843 1950 majoribus
861 1898 1003 1937 Carnis
1023 1898 1198 1938 Bovillae
1222 1912 1376 1939 macrae
1397 1929 1409 1950 ,
1441 1915 1540 1953 quae

87 1958 270 1999 venalis
259 1971 299 1996 m
311 1958 495 1997 Lanienis
514 1955 681 2010 prostat,
699 1969 891 2009 perquam
904 1955 1037 1994 similis
1049 1955 1250 1996 videatur.
1272 1958 1385 1997 Haec
1407 1969 1541 1999 tamen

88 2030 212 2071 quum
236 2027 389 2054 motum
410 2014 562 2054 nullum
585 2013 750 2054 vitalem
773 2013 886 2063 edat,
918 2014 955 2052 8<
976 2012 1131 2053 diffeSla
1154 2027 1275 2068 quum
1297 2014 1412 2056 fibras
1431 2015 1541 2071 quas-

89 2075 182 2114 dam
204 2073 413 2113 herbaceas
434 2071 633 2122 ostendat,
661 2071 709 2111 ad
729 2044 928 2124 Alcyon'ia
947 2071 1193 2112 referendam
1215 2072 1288 2112 effe
1308 2085 1424 2126 puto.

150 2133 248 2170 IIII.
283 2131 485 2186 Qoniam
505 2129 552 2170 de
576 2129 777 2182 Alcyoniis
797 2129 933 2169 incidit
954 2128 1104 2180 sermo,
1133 2144 1231 2183 quae
1252 2144 1310 2170 res
1331 2131 1540 2183 ambiguae

94 2187 306 2231 admodum
327 2186 446 2239 1'unt3
479 2187 524 2228 de
557 2187 748 2242 aliquibus
770 2188 875 2228 enim
898 2187 1075 2227 dubitare
1096 2187 1221 2238 licet,
1252 2188 1324 2227 sint
1344 2202 1392 2228 ne
1414 2187 1462 2226 ad
1485 2189 1540 2226 A·

95 2247 295 2297 nimalia‚
326 2259 375 2285 an
395 2220 446 2286 ad
463 2246 619 2285 Plantas
650 2246 898 2300 ableganda
885 2277 899 2297 ,
931 2245 1018 2285 heic
1041 2244 1185 2285 referre
1204 2246 1314 2285 lubet
1346 2245 1543 2297 Alcyonia

95 2303 306 2355 nonnulla,
338 2318 437 2357 quae
461 2317 570 2342 mare
593 2303 763 2343 nostrum
784 2302 1034 2358 luppeditat.
1067 2303 1173 2341 Cum
1195 2303 1332 2356 primis
1362 2302 1542 2356 frequen·

97 2362 284 2402 tiffimum
305 2361 360 2402 est
380 2362 623 2414 Alcyonium
643 2363 805 2416 Favago
825 2359 995 2411 dierum,
1022 2360 1125 2414 quod
1145 2360 1304 2414 quidem
1336 2361 1457 2414 aliqui
1490 2375 1540 2400 ex

97 2418 232 2460 nostris
263 2433 333 2474 pro
358 2420 510 2460 Ovario
542 2419 698 2472 alicujus
717 2418 831 2461 Pilcis
850 2419 1020 2471 habent,
1051 2432 1174 2471 quum
1195 2418 1331 2474 finguli
1353 2418 1431 2469 ejus
1450 2419 1542 2458 Aci-

1059 2477 1092 2515 F
1154 2489 1175 2515 2
1444 2475 1486 2514 ni

89 629 123 668 Ι.
150 631 329 768 AB
348 629 485 669 Vrtica
505 628 627 667 soluta
650 625 804 667 transeo
823 628 871 668 ad
893 628 1073 667 Vrticam
1094 628 1230 678 Saxis,
1249 629 1384 683 Lignis
1404 631 1441 670 8<
1461 633 1541 671 Te-

119 2541 175 2578 (a)
198 2541 360 2574 Lib.xv11.
373 2543 407 2572 de
425 2541 554 2582 Piscibus
573 2550 736 2583 column,
