1951 3085
389 188 760 246 MrNVs
843 190 1225 251 N0T1s.
1396 218 1448 268 31

75 303 174 347 chae
195 313 330 342 omnes
360 314 459 355 quae
483 301 549 343 vel
568 314 716 356 parvae
739 299 848 353 sunt,
877 302 942 344 vel
963 302 1149 345 mediocri
1170 307 1467 360 magnitudine,
1489 311 1526 350 8<

75 363 228 411 laeves,
255 359 411 414 citoque
435 360 477 401 in
498 361 606 403 Mari
628 389 640 411 ,
671 371 713 400 ut
735 362 931 402 Graecum
951 361 1029 402 sert
1051 374 1215 416 etymon
1235 394 1247 416 ,
1277 365 1523 408 adolescunt.

72 419 234 460 Tellina
256 417 352 459 haec
385 418 498 461 valde
521 418 654 459 fimilis
675 417 729 459 est
753 419 938 474 vulgatae
962 420 1065 461 illius
1096 421 1222 463 altera
1241 436 1353 477 parte
1374 425 1524 480 longio-

71 479 148 529 ris,
179 475 325 531 saporis
345 477 608 532 gratissimae,
627 478 664 517 8<
683 476 731 517 ad
753 477 927 531 Opsonia
947 479 1121 531 paranda
1141 481 1382 534 aptissimae,
1404 497 1526 537 quam

71 535 243 585 Veneti,
265 535 406 576 &Itali
427 535 507 576 fere
524 549 661 578 omnes
683 534 763 572 κατ’
778 533 906 582 ἐξοχὴ
923 536 1128 576 Tellinam
1151 538 1372 590 appellant.
1407 543 1526 582 Hanc

68 592 198 634 fasciis
221 592 294 633 suis
325 592 415 634 satis
435 606 526 648 apte
549 594 737 634 cuderunt
758 595 915 646 Operae
938 592 1112 644 nostrae,
1136 595 1193 633 uti
1215 595 1348 637 videre
1369 598 1423 637 est
1444 601 1525 640 Ta·-

68 651 160 692 bula
180 653 255 690 ΙΙΙ.
289 651 412 705 figura
429 654 499 689 IV.
532 650 598 690 sub
618 651 752 691 littera
776 652 826 690 A.
859 650 932 692 Sed
953 664 1042 691 eam
1063 651 1262 706 intelligas
1286 655 1410 699 velim
1443 669 1524 696 ma-

67 710 126 764 gis
148 709 440 761 complanatam
458 736 470 758 ,
501 719 544 747 ut
566 709 608 748 in
628 708 769 749 Titulo
790 707 1038 763 exposuimus
1056 739 1069 761 ,
1099 710 1161 749 cui
1181 710 1303 752 modo
1332 713 1388 752 nil
1410 713 1525 753 adde-

68 781 111 807 re
143 766 285 806 refert.

126 825 179 863 ΙΙ.
213 823 321 863 Huic
344 822 527 864 Tellinae
560 824 638 865 alia
657 823 711 867 est
739 825 862 865 affinis
894 826 935 866 in
965 826 1118 866 Littore
1141 825 1270 867 nostro
1299 842 1378 869 non
1409 828 1525 870 infre-

73 895 219 937 quens,
249 880 313 920 sed
333 881 486 932 minor,
517 882 643 923 altera
663 896 774 937 parte
796 884 973 938 longior,
1004 885 1041 923 8<
1060 885 1248 938 punicea.

126 942 201 978 III.
234 941 391 994 Longus
413 941 530 980 nimis
551 942 667 982 essem
698 941 723 981 si
745 941 834 982 heic
852 942 1031 983 Tellinas
1051 944 1202 983 omneis
1233 957 1327 997 quas
1349 943 1525 985 summit-

69 997 122 1037 tit
144 996 316 1037 nostrum
328 999 467 1049 Mare,
489 999 636 1040 vellem
658 1000 824 1040 referre.
859 1002 973 1040 Nam
992 1012 1151 1053 praeter
1164 1002 1370 1041 Tellinam
1390 1001 1524 1044 fascia-

66 1066 153 1095 tam
173 1054 365 1106 nostram,
397 1057 433 1094 8<
454 1055 653 1110 globosam
675 1057 787 1096 illam
809 1057 1061 1107 Rondeletii,
1083 1058 1121 1096 8<
1142 1069 1300 1111 praeter
1322 1057 1415 1098 duas
1435 1059 1523 1098 illas

68 1112 195 1154 altera
215 1124 327 1166 parte
347 1113 539 1168 longiores
571 1128 665 1168 quas
686 1116 932 1165 memoravi,
963 1116 1216 1156 innumerum
1236 1116 1319 1157 fere
1342 1116 1395 1157 est
1420 1116 1523 1170 apud

66 1183 136 1209 nos
159 1171 410 1211 Tellinarum
431 1186 572 1225 genus,
602 1172 833 1226 praesertim
856 1172 882 1212 fi
904 1173 951 1213 ad
975 1188 1062 1224 eas,
1094 1173 1277 1215 Conchas
1298 1175 1443 1214 multas
1467 1175 1521 1213 bi-

65 1227 229 1278 valvas,
250 1241 292 1268 ut
314 1228 445 1279 ajunt,
466 1243 717 1281 revocemus,
748 1243 791 1270 ut
814 1229 899 1271 sunt
912 1232 1100 1272 Conchae
1122 1232 1212 1272 illae
1233 1233 1419 1285 pulchrae
1440 1246 1524 1272 ma-

69 1284 191 1338 jores,
212 1285 331 1326 crassa
351 1285 564 1326 admodum
585 1287 706 1328 Testa
728 1286 878 1338 dietae,
902 1288 1137 1328 &Conchae
1149 1289 1408 1341 Clathratae,
1429 1291 1522 1342 My-

65 1344 169 1394 tuli,
199 1344 237 1382 8<
267 1343 343 1383 alia
374 1343 413 1383 id
434 1358 589 1398 genus5
624 1345 855 1385 memorabo
876 1357 1013 1385 tamen
1042 1345 1130 1385 heic
1151 1346 1301 1400 aliquas
1332 1360 1447 1400 prout
1479 1349 1522 1388 in

65 1413 245 1441 mentem
268 1401 454 1441 venerint
476 1432 485 1441 .
520 1404 581 1441 Ac
602 1404 734 1455 primo
753 1403 839 1442 loco
870 1402 972 1456 apud
992 1416 1060 1441 nos
1082 1403 1243 1443 Tellina
1264 1403 1318 1443 est
1339 1405 1522 1459 frequen-

64 1459 232 1509 tissima,
263 1460 299 1497 8<
320 1459 523 1513 gratissimi
545 1458 709 1513 saporis,
741 1474 840 1514 quae
864 1460 912 1500 ad
932 1459 1090 1513 opsonia
1110 1460 1284 1514 paranda
1305 1461 1385 1516 post
1405 1463 1521 1503 illam

67 1516 194 1557 altera
226 1529 339 1570 parte
370 1517 589 1571 longiorem
621 1516 831 1559 secundum
863 1518 993 1557 locum
1024 1519 1166 1558 merito
1188 1519 1342 1560 obtinet
1362 1550 1372 1560 .
1406 1523 1520 1561 Haec

62 1573 224 1629 pulchre
247 1574 451 1628 variegata
464 1573 642 1615 estlineis
661 1575 856 1630 jugiterin
868 1574 904 1616 se
926 1577 1106 1627 reflexis,
1129 1576 1193 1617 seu
1215 1578 1378 1632 rugofis.
1403 1581 1521 1619 Hanc

65 1631 188 1686 vulgo
208 1631 324 1672 nostri
344 1634 584 1672 Paveraccia
614 1634 817 1687 appellant
838 1662 850 1683 ,
880 1634 941 1673 cui
965 1635 1113 1674 recenti
1145 1635 1326 1676 inhaeret
1350 1635 1519 1690 plerum-

62 1703 141 1743 que
167 1690 301 1729 Vrtica
322 1690 516 1743 quaedam
540 1692 693 1730 marina
716 1692 868 1741 minor,
889 1705 1010 1745 quam
1022 1692 1206 1733 Podicem
1229 1695 1427 1734 marinum
1449 1694 1521 1733 mi-

61 1760 224 1796 norem,
246 1745 413 1787 sefflone
437 1748 555 1787 tertia
567 1748 761 1788 dicemus.
793 1748 879 1788 Post
889 1750 990 1789 hanc
1012 1751 1122 1791 venit
1144 1751 1305 1791 Tellina
1328 1752 1407 1791 alia
1429 1752 1521 1792 huic

61 1804 178 1845 valde
202 1804 358 1852 similis,
381 1803 445 1842 sed
466 1804 612 1854 major,
644 1804 847 1842 candidior
866 1818 910 1843 ac
930 1818 1030 1856 pene
1051 1806 1199 1844 laclea.
1235 1809 1350 1846 Hanc
1361 1809 1522 1861 Ptsciot-

61 1874 106 1900 ta
131 1873 298 1910 vocant,
330 1859 432 1912 quod
453 1859 538 1898 loco
558 1860 702 1898 Carnis
721 1859 849 1898 multo
869 1859 1036 1898 humore
1059 1860 1104 1900 fit
1124 1861 1295 1913 referta,
1315 1877 1447 1904 macra
1465 1864 1519 1905 est

61 1919 100 1957 8<
121 1919 249 1957 minus
266 1918 369 1971 grati
391 1916 557 1971 saporis·
590 1917 699 1956 Huic
720 1916 843 1956 affinis
864 1931 942 1972 quo
955 1916 1003 1957 ad
1023 1919 1340 1972 magnitudinem
1360 1921 1413 1962 est
1425 1922 1521 1962 Tel-

61 1975 145 2016 lina
176 1974 240 2017 seu
262 1975 429 2017 Concha
448 1973 608 2015 fasciata
628 1974 880 2025 Rondeledi,
915 1975 962 2016 de
983 1989 1060 2029 qua
1081 1975 1219 2030 supra,
1249 1992 1369 2032 quam
1389 1983 1518 2020 Pave-

61 2035 188 2074 raccia
210 2031 438 2074 Cavallina
458 2032 545 2073 heic
565 2032 686 2086 aliqui
709 2044 852 2074 vocant
866 2062 879 2084 ,
910 2034 1037 2072 minus
1058 2036 1161 2089 grati
1182 2034 1325 2090 saporis
1354 2037 1392 2076 8<
1414 2037 1517 2092 ipsa,

61 2093 245 2145 quamvis
266 2091 367 2131 facie
400 2103 561 2145 propter
588 2091 716 2131 varios
736 2091 883 2132 colores
903 2105 979 2131 non
1002 2092 1204 2145 ignobilis.
1238 2094 1404 2135 Concha
1422 2094 1517 2136 cras-

61 2149 102 2190 sa
127 2148 339 2188 admodum
359 2148 478 2189 Testa
499 2147 603 2189 &csta
632 2149 680 2190 ad
702 2150 881 2190 Tellinas
903 2164 1057 2204 quoque
1079 2151 1216 2192 referri
1240 2151 1387 2206 potest,
1407 2166 1517 2205 prae-

61 2206 201 2247 sertim
221 2221 357 2247 earum
379 2208 551 2247 minores
571 2236 583 2258 ,
614 2221 708 2261 quas
739 2206 870 2248 nescio
900 2223 950 2249 an
982 2208 1152 2259 ejusdem
1183 2211 1336 2262 generis
1367 2209 1441 2249 sint
1472 2223 1518 2250 ac

64 2263 252 2317 majores.
287 2266 344 2304 Os
376 2266 531 2306 interne
562 2265 850 2306 denticulatum
881 2266 1063 2318 habent,
1094 2267 1131 2305 8<
1163 2266 1395 2306 exstrinsece
1428 2265 1516 2309 sunt

64 2322 219 2377 pulchri
241 2325 417 2364 flammei
438 2323 595 2364 coloris.
618 2324 781 2364 Concha
803 2326 952 2379 pariter
965 2323 1176 2366 Clathrata
1200 2324 1291 2365 licet
1310 2326 1515 2377 maxima,

62 2382 101 2420 8<
121 2380 223 2434 apud
247 2395 315 2420 nos
345 2395 458 2433 rara,
489 2381 536 2422 ad
559 2382 736 2424 Tellinas
767 2383 820 2424 est
841 2382 1057 2423 revocanda
1077 2412 1086 2422 .
1121 2382 1269 2423 Glabra
1288 2384 1396 2423 enim
1427 2383 1481 2423 est
1500 2413 1513 2435 ‚

65 2450 109 2478 ut
133 2438 181 2480 ad
195 2438 351 2479 Ostreas
366 2470 378 2490 ,
398 2440 463 2481 vel
484 2440 683 2492 Chamas,
713 2439 964 2496 Peffinesque
987 2454 1064 2482 non
1084 2440 1194 2495 poffit
1217 2440 1375 2482 referri.
1407 2441 1515 2480 Con-

64 2496 139 2538 cha
158 2495 312 2552 insuper
342 2500 572 2555 Tetragona
604 2497 669 2540 seu
697 2500 945 2542 Naviculam
975 2499 1145 2541 referens
1164 2529 1177 2553 ,
1208 2513 1308 2555 quae
1340 2498 1511 2597 pulchris

1359 2569 1455 2597 ineis
