1951 3085
456 259 514 291 22.
722 239 857 293 DE
938 230 1519 293 C'ONCHIS”

380 361 470 388 nem
491 347 572 386 fere
593 346 745 387 nullam
765 358 854 386 cum
875 342 1123 384 antecedenti
1147 342 1297 385 habet.
1331 342 1406 384 Sed
1433 343 1621 397 quoniam
1652 340 1741 382 talis
1771 338 1826 382 eff

379 403 618 460 progressus,
648 405 685 443 8<
707 404 746 443 id
767 404 891 443 etiam
911 400 1037 442 noster
1057 401 1150 441 ordo
1171 401 1366 456 postulat,-
1393 414 1436 442 ut
1458 415 1517 441 res
1538 399 1688 455 semper
1718 400 1824 454 prius

378 461 594 502 reseramus
624 459 960 515 quemadmodum
983 459 1021 498 in
1041 459 1295 499 Praefatione·
1311 459 1507 511 diximus,
1524 473 1624 513 quae
1647 471 1736 499 aere
1758 471 1825 497 ex-

380 518 466 561 cusa
490 517 599 570 sunt,
630 518 768 559 deinde
801 517 947 558 adalia
980 530 1056 555 non
1077 515 1166 555 cusa·
1194 517 1469 557 descendamus
1490 547 1499 556 .
1533 519 1696 558 Nucem
1725 515 1826 555 hanc

381 591 500 631 quain
522 589 734 630 utcumque
756 575 1009 616 adumbravit
1026 572 1158 614 pretor
1176 574 1342 627 quidam.
1358 577 1532 615 Venetus
1554 577 1595 614 in
1604 573 1763 614 Tabula
1777 574 1823 611 V.

381 649 509 675 num.0
532 636 602 674 IX.
624 636 662 674 8<
682 637 727 674 X.
762 633 877 673 multi
897 632 1059 687 Leporis
1080 632 1222 671 marini
1243 634 1403 673 nomine
1423 632 1594 682 donant,
1626 631 1728 685 quod
1749 643 1829 670 car-

379 692 472 734 nosa
493 694 729 733 extrinsecus
750 692 922 731 multum
943 691 987 730 fit
1001 719 1013 741 ,
1044 691 1109 730 vel
1129 704 1231 743 pene
1250 690 1530 743 cartilaginea,
1562 691 1599 728 8<
1618 690 1697 741 ejus
1708 687 1830 727 Testa

380 751 426 790 fit
447 748 693 789 subtilissima·
712 751 748 788 8<
770 763 933 798 manca,
954 761 996 788 ut
1017 749 1087 788 vix
1112 749 1275 788 tertiam
1296 760 1452 802 partem
1476 746 1716 786 Animalculi
1739 759 1829 799 ope-

382 808 459 847 riat
472 837 481 847 .
516 808 555 846 A
575 809 709 846 nostris
732 807 986 847 Piscatoribus
1006 806 1235 860 Amygdala
1257 807 1412 846 marina
1432 805 1676 859 appellatur,
1695 804 1732 842 8<
1755 803 1829 842 sor-

385 865 480 904 tasse
502 878 581 904 non
594 867 821 906 inconcinne
834 895 845 916 ,
866 878 988 919 quum
1000 864 1079 917 ipsa
1091 865 1245 918 integra
1258 863 1529 917 Amygdalam
1542 863 1666 916 magis
1677 891 1689 912 ,
1708 873 1832 914 quam

381 923 566 973 Nucem,
599 935 639 962 ut
664 924 836 977 reliquae
859 922 969 974 hujus
991 923 1143 975 generis
1163 921 1306 962 Testae
1318 950 1339 970 ,„
1363 922 1538 961 reserata
1563 919 1749 974 Josephus
1770 919 1833 957 Zi-

387 981 551 1020 nannius
571 982 782 1022 Ravennas
802 982 865 1020 vir
885 979 1181 1030 Nobiliffimus,
1212 993 1256 1019 ao
1277 978 1323 1019 de
1338 977 1512 1018 Historia
1524 977 1714 1018 Naturali
1733 976 1840 1030 opti*

385 1051 449 1078 me
473 1039 633 1077 meritus
644 1068 661 1088 ³·
688 1051 772 1077 tum
793 1050 953 1092 propter
973 1038 1123 1077 Scrinia
1143 1066 1155 1087 ‚
1185 1051 1286 1090 quae
1318 1036 1481 1090 poffidet·
1509 1049 1645 1076 rerum·
1661 1037 1843 1075 Natura--

383 1096 483 1134 lium
505 1096 776 1146 refertiffima,
808 1109 931 1149 quum
952 1108 1112 1148 propter
1132 1094 1282 1135 editum
1303 1095 1449 1134 librum
1467 1093 1514 1134 de
1535 1094 1636 1134 Ovis
1657 1093 1807 1132 Avium
1822 1121 1833 1142 s

384 1154 421 1191 8<
441 1153 487 1193 de
507 1152 708 1204 Locustis-‚
739 1155 804 1206 qui
827 1152 1025 1207 quondam
1047 1152 1095 1192 ad
1117 1167 1181 1193 me
1213 1154 1259 1193 de
1280 1153 1353 1193 hac
1374 1153 1492 1192 Nuce
1515 1164 1729 1193 anatomen
1751 1149 1845 1189 scri->

382 1208 541 1264 pserat‚
572 1224 661 1250 eam
682 1210 748 1249 sub
761 1211 993 1261 Hirudinis,
1024 1209 1088 1250 seu
1109 1210 1176 1250 sub
1195 1210 1455 1265 Sanguisucae
1477 1211 1653 1251 marinae
1676 1209 1837 1248 nomine

384 1266 601 1321 descripsit.
636 1267 882 1308 Observavit
899 1269 1008 1307 enim
1031 1269 1105 1306 Vir
1124 1268 1437 1322 diligentissimus
1467 1281 1560 1308 eam
1583 1266 1741 1307 fortiter
1772 1265 1834 1306 ad-

386 1326 548 1366 haerere
571 1325 772 1378 Alcyonio
794 1325 860 1365 illi.
883 1325 985 1379 quod
1005 1326 1251 1380 Favaginem
1274 1324 1493 1365 Aristotelis
1514 1324 1716 1379 appellant
1734 1354 1746 1375 ,
1778 1335 1842 1364 at·-

385 1396 459 1436 que
492 1397 543 1422 ex
575 1397 629 1422 eo
652 1383 890 1422 alimentum
921 1381 1109 1436 exsugere
1132 1413 1141 1422 .
1177 1386 1311 1439 Qare
1333 1397 1460 1437 quum
1476 1383 1637 1436 Leporis
1660 1382 1805 1421 marini
1824 1410 1837 1431 ,

385 1440 452 1480 vel
475 1440 725 1494 Amygdalae
757 1454 903 1479 nomen
933 1440 1051 1479 nimis
1071 1441 1234 1495 vulgare
1257 1441 1391 1480 minus
1404 1442 1578 1494 placeret
1599 1469 1611 1491 ,
1642 1440 1679 1479 8<
1709 1440 1838 1479 Nucis

387 1511 539 1539 nornen
563 1510 654 1538 tunc
675 1498 768 1538 effet
786 1499 966 1552 ignotum
978 1511 990 1549 3
1023 1497 1307 1553 Sanguisucam-
1325 1500 1521 1539 marinam
1542 1498 1737 1538 minorem
1755 1498 1840 1537 Lit-

387 1556 481 1596 teris
503 1554 637 1596 adme
657 1556 756 1596 datis
776 1556 1015 1610 appellavit.
1037 1556 1315 1610 Sanguisucam
1336 1558 1445 1597 enim
1465 1555 1656 1608 majorem
1677 1551 1857 1610 propter'

388 1612 543 1653 easdem
564 1614 1071 1668 proprietates-appellabat
1093 1615 1302 1656 Concham
1324 1615 1444 1655 aliam
1464 1644 1475 1665 ‚
1507 1628 1627 1668 quam
1658 1612 1838 1668 sequenti

389 1671 554 1712 articulo
565 1670 845 1712 describemus.
869 1673 925 1712 At
948 1671 1132 1712 invisenti
1154 1672 1254 1711 mihi
1273 1672 1502 1727 frequenter
1522 1673 1651 1712 Littus
1665 1671 1836 1711 nostrum

387 1727 592 1769 observavi
625 1729 761 1769 Testas
781 1729 902 1770 nudas
933 1730 1044 1782 hujus
1065 1730 1309 1771 Animalculi
1341 1730 1405 1785 (id
1429 1730 1507 1771 sive
1527 1733 1722 1785 Leporem
1756 1742 1838 1769 ma·-

387 1787 540 1835 rinum,
559 1786 637 1826 five
658 1787 930 1840 Amygdalam
943 1817 954 1837 ,
975 1789 1052 1827 five
1067 1788 1309 1827 Hirudinem
1327 1789 1526 1827 marinam
1545 1785 1719 1840 vocites)
1740 1786 1847 1827 mul-·

388 1855 475 1882 tum
495 1856 585 1882 cum
607 1843 832 1896 vulgaribus
844 1845 1024 1883 Nucibus
1046 1845 1208 1883 marinis
1227 1846 1461 1893 convenire,
1491 1857 1535 1883 ut
1555 1845 1657 1884 infra
1678 1844 1714 1884 se
1737 1847 1838 1884 Tur-

388 1900 522 1939 binem
555 1899 765 1953 colligant,
796 1911 838 1938 ut
860 1899 1035 1952 loquitur
1055 1900 1278 1950 Columna,
1309 1900 1401 1940 licet
1433 1900 1648 1941 admodum·
1677 1914 1837 1955 apertae

387 1957 493 2007 fint‚
524 1956 601 1996 five
634 1971 674 1996 os
705 1955 816 1995 finun
846 1956 1061 1997 testaceun1
1092 1958 1324 1998 nnnnanster
1353 1957 1536 2012 panduna
1567 1958 1772 2010 habeant,
1805 1960 1843 1998 8<

393 2027 532 2068 parum
565 2015 603 2053 in
636 2013 672 2054 se
704 2015 981 2065 convolutum,
1011 2027 1054 2054 ut
1074 2017 1260 2069 Vnguem
1283 2015 1697 2058 humanamfreferant
1722 2048 1730 2058 .
1760 2018 1842 2057 Ob-

391 2072 562 2112 servavit
594 2071 771 2112 laudatus
801 2072 1052 2112 nobilissimus
1073 2074 1286 2114 Zinannius
1318 2088 1457 2114 verum
1478 2089 1518 2114 os
1538 2075 1649 2129 hujus
1662 2075 1843 2115 Animal-

395 2130 472 2168 euli
503 2128 670 2182 positum
701 2128 773 2170 esse
805 2130 846 2169 in
877 2131 1142 2172 extremitate
1165 2130 1322 2172 carnosa
1341 2162 1353 2184 ,
1384 2134 1420 2173 8<
1446 2147 1568 2187 quum
1601 2147 1690 2173 caro
1723 2134 1840 2173 totius

394 2187 592 2226 Animalis
623 2188 669 2228 fit
696 2201 803 2241 pene·
817 2189 1078 2243 cartilaginea
1104 2190 1208 2230 circa
1229 2189 1473 2232 stomachum
1503 2193 1580 2232 tria
1602 2192 1756 2232 officula
1777 2191 1844 2232 ha-

395 2244 488 2285 bere
511 2245 691 2298 ‚quibus
723 2245 888 2285 Animal
917 2246 1149 2287 defendatur
1180 2261 1224 2287 ac
1257 2247 1487 2291 sustentetur
1515 2279 1527 2301 ,
1565 2265 1687 2304 quum
1718 2249 1845 2303 ipsum

397 2302 501 2341 intra
523 2303 766 2344 cochleatam
788 2303 925 2344 testam
956 2319 1039 2345 non>
1054 2306 1163 2359 possit
1195 2307 1351 2347 recondi
1371 2338 1382 2359 ,
1414 2322 1512 2363 quae
1536 2308 1691 2348 officula
1712 2307 1846 2347 fortas-

398 2357 436 2400 se
470 2359 652 2409 adjuvant
674 2361 981 2402 fimulciborum
1003 2363 1253 2418 digestionem
1267 2396 1276 2406 .
1309 2368 1421 2406 Haec
1443 2367 1500 2406 uti
1521 2364 1727 2420 sequentes
1748 2367 1846 2406 Cor-

399 2430 476 2456 nua
507 2417 654 2458 habent
686 2420 792 2460 nulla
811 2450 823 2471 ,
854 2435 973 2474 quare
998 2421 1070 2461 hoc
1090 2421 1343 2463 Concharum
1365 2438 1483 2479 genus
1514 2439 1603 2463 cum
1635 2425 1845 2476 Cochleis,

399 2474 558 2538 Patellis
576 2504 588 2525 ‚
619 2478 937 2533 Turbinibusque
970 2493 1071 2533 quae
1092 2482 1225 2520 omnia
1246 2484 1421 2523 cornibus
1452 2482 1635 2523 instrufla
1657 2482 1746 2523 sunt
1774 2485 1846 2523 mi-

398 2545 506 2574 nime
537 2536 720 2576 convenit
740 2565 750 2576 .
782 2538 909 2593 Igitur
926 2539 1057 2593 paucis
1075 2568 1087 2591 ‚
1118 2551 1160 2579 ut
1184 2541 1307 2582 multa
1338 2542 1379 2582 in
1409 2555 1531 2582 unum
1561 2542 1843 2595 conducamus,

1689 2601 1790 2640 hanc
