1951 3085
409 182 780 240 MINVS
863 181 1239 239 NoTts.
1410 201 1468 254 35

98 308 141 338 ut
164 295 229 336 ille
250 293 497 335 Rondeletii.
521 293 667 335 Noster
686 294 794 334 enim
815 291 965 348 semper
985 294 1024 334 in
1039 294 1170 335 Arena
1191 306 1313 347 prope
1336 294 1463 334 Littus
1485 296 1540 335 vi-

97 368 182 395 tam
203 354 334 408 degit,
365 364 406 392 ut
428 354 476 393 ab
498 353 607 393 undis
630 364 763 393 tamen
785 352 987 403 abluatur,
1018 365 1110 392 nam
1141 351 1166 391 si
1198 351 1264 392 diu
1294 350 1362 391 sub
1393 354 1538 393 Arenis

94 413 135 452 in
158 411 252 451 ficco
273 423 457 460 maneat,
488 423 530 451 ut
552 409 749 451 interdum
770 411 810 450 in
826 411 978 465 magnis
1000 410 1211 451 refluxibus
1232 411 1351 451 maris
1373 410 1538 462 accidit,

94 472 281 510 continuo
303 471 488 509 moritur.
522 468 709 509 Comedit
731 480 903 508 mortuos
924 467 1047 508 Pisces
1065 496 1081 517 ,-
1108 468 1145 506 8<
1167 467 1245 507 alia
1264 469 1540 522 inquinamen-

95 539 136 567 ta
160 528 210 567 ad
229 528 356 567 Littus
375 526 511 568 relic'ra
531 557 543 578 ,
574 540 692 581 quare
717 524 794 580 ipse
827 538 868 565 ut
900 526 936 564 8(
967 525 1088 564 Pulex
1110 525 1304 575 marinus,
1337 527 1403 580 qui
1434 526 1537 581 apud

94 599 162 625 nos
185 586 512 639 frequentissimus
531 585 606 636 est,
626 586 757 623 Littus
774 582 945 621 nostrum
967 583 1014 622 ab
1034 583 1143 622 omni
1167 581 1273 622 sorde
1294 597 1538 637 expurgant,

91 657 214 697 quum
234 643 443 683 Cadavera
462 644 593 681 omnia
626 654 702 693 qua
723 641 875 679 marina
898 669 908 690 ,
941 654 1017 693 qua
1039 639 1235 680 terrestria
1265 642 1537 694 prodigialiter

91 714 256 750 vorent,
287 701 381 752 quin
403 701 438 737 8<
461 697 603 738 stercus
623 697 733 736 fimul
766 698 802 736 8<
822 698 897 738 alia
920 699 1240 752 inquinamenta.
1276 701 1409 755 Quare
1433 700 1538 739 Can-

90 771 176 798 cros
197 756 366 807 nostros,
397 757 434 795 8<
456 756 603 795 Pulices
623 756 709 795 illos
729 755 876 796 caussae
909 756 983 796 effe
1015 757 1130 795 credo
1162 770 1228 795 cur
1251 759 1333 794 Aer
1365 759 1537 796 marinus

89 815 221 865 nobis,
242 815 301 854 uti
319 814 620 867 &plerumque,
641 812 801 853 salubris
822 814 1020 868 fit,quutn
1042 816 1089 854 ab
1109 816 1288 853 omnibus
1309 816 1536 869 graveolen-

89 874 194 913 tibus
212 887 286 926 ope
318 872 459 911 horum
481 872 822 912 Animalculorum
844 886 1087 927 expurgetur
1105 902 1115 912 .
1148 874 1303 913 Cancer
1335 874 1398 911 hic
1431 873 1536 926 depi-

88 929 171 969 &us
192 943 332 984 pronus
352 931 388 968 8<
410 929 563 984 lupinus
585 944 669 969 mas
688 929 764 980 est,
794 931 999 984 oblongior
1019 932 1125 971 enirn
1146 931 1220 978 est,
1241 930 1343 984 quod
1364 932 1404 970 in
1426 931 1535 970 omni

93 989 341 1027 Cancrorum
364 1001 506 1042 genere
528 988 762 1041 plerumque
781 988 945 1035 accidit,
978 1000 1018 1026 ut
1041 1001 1168 1027 mares
1198 988 1441 1040 oblongiores
1463 989 1535 1027 sint

87 1059 206 1100 quam
229 1046 400 1085 feminae
414 1075 427 1084 .
457 1047 666 1085 Praeterea
687 1057 816 1083 mares
836 1047 879 1083 in
904 1056 1040 1082 ventre
1064 1045 1303 1098 Operculum
1320 1074 1334 1094 ,
1350 1044 1414 1084 seu
1434 1046 1537 1084 Cau-

88 1104 182 1143 dam
203 1103 486 1156 angustiorem,
517 1105 553 1141 8<
576 1101 859 1156 triangularem
881 1101 1029 1143 habent
1052 1114 1065 1152 3
1098 1103 1289 1142 Feminae
1310 1116 1405 1142 vero
1425 1102 1538 1143 latio-

85 1173 194 1209 rem,
226 1162 264 1199 &
285 1160 548 1200 rotundiorem
563 1190 574 1209 ,
604 1159 670 1199 sub
692 1173 770 1212 qua
789 1174 865 1200 ova
887 1160 1081 1209 condunt,
1101 1160 1137 1198 8<
1159 1159 1329 1214 gestant.

144 1220 202 1257 ΙΙ,
232 1219 388 1258 Cancer
404 1218 562 1271 Latipes
578 1231 719 1271 parvus
739 1218 852 1258 vellit
875 1219 1024 1268 aurei-s,
1041 1231 1083 1257 ut
1104 1218 1149 1258 de
1170 1217 1315 1270 majore
1336 1219 1466 1272 aliqua
1484 1218 1539 1259 di-

84 1289 241 1316 camus.
276 1278 409 1315 Minus
441 1289 578 1315 notum
600 1288 754 1329 quoque
786 1276 826 1314 in
846 1276 973 1314 Libris
997 1275 1074 1328 ipse
1097 1275 1149 1314 est
1169 1305 1181 1325 ,
1212 1277 1303 1315 licet
1336 1278 1437 1330 apud
1468 1290 1537 1316 nos

84 1334 392 1387 vulgatissimus,
422 1334 458 1371 8<
481 1347 503 1372 a
524 1332 780 1372 Piscatoribus
802 1332 974 1386 semper,
1005 1334 1040 1371 8<
1062 1345 1182 1386 prope
1204 1335 1335 1373 Littus
1365 1335 1402 1373 8(
1422 1336 1461 1373 in
1484 1335 1537 1374 al-

87 1401 129 1430 to
160 1390 350 1431 immensa
370 1392 481 1443 copia
501 1392 678 1443 capiatur
698 1419 707 1428 .
742 1391 889 1442 Vulgus
910 1391 1128 1428 ‚Macinette
1151 1403 1314 1438 vocant,
1346 1390 1406 1430 sed
1429 1393 1535 1431 diffe-

85 1461 178 1488 runt
198 1449 247 1488 ab
273 1449 318 1488 iis
331 1478 343 1497 ,-
362 1462 460 1502 quae
481 1448 656 1488 Venetiis
677 1447 724 1486 sic
746 1446 929 1486 dicuntur
943 1477 953 1497 ,
984 1460 1105 1501 quum
1126 1448 1274 1487 Cancri
1298 1448 1354 1487 illi
1392 1449 1534 1489 Veneti

84 1505 135 1545 sic
154 1504 248 1545 dieti
279 1507 422 1546 marini
454 1506 713 1544 omninonon
735 1504 835 1555 sint,
865 1505 928 1544 led
960 1503 1206 1559 stagnorum,
1237 1506 1445 1557 lutulenti,
1477 1507 1535 1546 fu-

85 1562 165 1615 sci,
192 1564 230 1602 8<
261 1563 363 1617 quod
395 1576 512 1617 caput
532 1562 586 1603 est
616 1577 694 1602 non
715 1562 923 1617 latipedes.
958 1563 1094 1602 Nostri
1127 1562 1212 1602 sunt
1245 1564 1356 1614 albi,
1387 1565 1423 1603 8<
1454 1564 1534 1617 ejus

85 1622 368 1676 magnitudinis
399 1635 475 1675 qua
507 1622 690 1675 vulgares
719 1623 863 1660 Cancri
888 1621 1099 1661 fluviatiles
1132 1621 1294 1673 majores
1315 1650 1327 1671 ,
1360 1620 1423 1661 sed
1456 1636 1534 1661 non

83 1691 169 1720 tam
189 1679 333 1720 feroces
353 1708 364 1729 ,
396 1693 516 1732 quum
538 1680 707 1719 tenuiori
727 1680 848 1719 crusta
870 1679 1133 1719 obducantur.
1165 1680 1284 1719 Pedes
1315 1679 1373 1718 illi
1404 1692 1533 1721 extre-

83 1737 164 1786 mi,
197 1751 289 1790 quos
306 1737 403 1776 latos
424 1737 571 1776 habent
589 1766 602 1785 ,
632 1737 873 1778 rotundiores
896 1737 982 1777 sunt
1013 1738 1049 1776 8<
1073 1736 1448 1790 proportionesac'ta
1479 1737 1533 1776 la-

85 1795 202 1834 tiores
232 1807 351 1846 quam
382 1795 421 1832 in
452 1791 638 1845 superiori
664 1820 678 1830 .>
707 1794 838 1831 Hosce·
857 1795 973 1845 pedes
992 1794 1195 1831 datos-effe
1228 1808 1249 1832 a
1282 1796 1444 1833 Natura
1472 1794 1537 1833 his

83 1851 252 1891 Cancris
279 1862 370 1890 cum
391 1849 606 1888 Aristotele
627 1848 818 1898 arbitror,
849 1861 890 1887 ut
913 1849 963 1888 ad
982 1848 1157 1889 nandum
1178 1848 1249 1888 sint
1270 1850 1406 1899 utiles,
1427 1851 1463 1888 8<
1489 1862 1535 1890 ut

83 1910 319 1964 pinnarum,
348 1906 413 1947 vel
435 1905 700 1960 palmularum
732 1906 816 1946 vice
840 1904 946 1957 fint3
980 1904 1191 1959 Ipsumque
1224 1907 1426 1945 Cancrum
1457 1906 1531 1948 effe

83 1965 321 2020 Latipedem
344 1965 481 2014 illum,
509 1977 625 2018 quern
646 1961 840 2017 descripfit
863 1964 1121 2013 Aristoteles,
1151 1964 1218 2017 qui
1242 1978 1362 2018 quum
1394 1966 1434 2003 in
1465 1978 1535 2004 no-

85 2024 160 2066 stro
182 2026 303 2073 mari,
327 2022 429 2076 quod
449 2023 610 2076 Jonico,
629 2022 866 2063 &Graeciae
889 2023 988 2061 mari
1011 2021 1224 2062 finitimum
1246 2022 1322 2072 est,
1343 2034 1426 2062 tam
1446 2036 1535 2076 pro-

85 2081 230 2136 digiose
262 2082 440 2134 capiatur
459 2110 471 2129 ,
502 2080 559 2119 nil
589 2082 734 2120 mirum
767 2079 791 2119 fi
815 2080 1048 2121 Aristoteles
1074 2079 1284 2119 immensos
1314 2081 1461 2133 ceperit
1493 2081 1532 2119 8(

87 2139 166 2195 ipse
186 2169 197 2189 ,
231 2151 272 2178 ut
296 2139 372 2179 fert
404 2138 587 2179 Italicum
607 2139 789 2193 adagium
808 2167 820 2188 ,
852 2139 988 2192 quibus
1010 2136 1232 2177 universam
1253 2137 1331 2188 ejus
1361 2138 1534 2177 Philoso-

89 2199 229 2254 phiam
246 2195 453 2250 conspersit
477 2225 491 2235 „
521 2197 686 2250 Propter
701 2196 967 2251 frequentiam
997 2196 1079 2235 vile*
1096 2194 1148 2234 est
1167 2194 1368 2247 opsonium
1393 2223 1409 2244 ,
1435 2195 1530 2234 licet

88 2255 232 2310 saporis
252 2268 332 2295 non
348 2254 496 2308 ingrati
518 2283 528 2293 .
561 2255 718 2296 Tamen
740 2253 915 2296 detracto
937 2255 1062 2294 veteri
1082 2253 1229 2292 cortice*
1251 2266 1374 2305 quum
1395 2251 1532 2291 molle-

92 2314 166 2354 scit
195 2327 297 2354 nova
328 2312 407 2366 ejus
429 2313 543 2352 Cutis
573 2311 740 2352 divitum
772 2315 920 2353 mensas
952 2324 1043 2351 tunc
1074 2325 1151 2350 non
1184 2310 1365 2363 ignobilis
1383 2321 1498 2349 ornat
1518 2338 1530 2349 .

94 2371 297 2413 Mollescit
324 2370 483 2425 quidem
514 2370 578 2410 hic
600 2370 754 2411 Cancer
783 2370 848 2412 seu
868 2371 1072 2409 Corticem
1100 2381 1248 2417 mutat,
1277 2367 1530 2421 quemadmo-

96 2429 190 2469 dum
212 2428 403 2470 mollescit
423 2429 595 2483 luperior
615 2429 776 2483 latipes,
807 2429 843 2467 8(
866 2429 931 2467 alii
950 2427 1223 2482 quamplures,
1244 2426 1281 2464 8(
1303 2438 1393 2464 tunc
1414 2424 1529 2464 nostri

93 2489 269 2529 Cancros
290 2487 374 2528 illos
395 2487 545 2529 molleis
565 2484 775 2528 Molleccas
793 2497 938 2528 vocant
956 2515 968 2538 ,
999 2497 1116 2537 atque
1138 2485 1177 2523 in
1196 2483 1342 2524 deliciis
1359 2483 1531 2578 halgent.

1056 2544 1096 2581 E.
1154 2555 1179 2580 2
1457 2552 1481 2578 n
