1951 3085
114 313 675 428 PARS
781 228 1564 428 PRIMA*

348 576 744 631 CAPVT
829 570 1333 638 PRIMVM

198 686 274 738 DE
305 694 630 734 SED1MENTO
662 692 840 733 Mnus
877 701 945 734 AD
976 692 1181 735 L1TTvs
1214 693 1482 736 ARIMINI:

259 834 473 889 Ntequam
501 832 549 875 de
580 832 738 889 singulis
768 833 881 877 rebus
910 833 997 876 dico
1035 847 1204 890 quarum
1243 836 1286 875 in
1317 834 1566 878 Praefatione

113 835 256 977 A
290 893 535 934 mentionem
565 891 642 935 feci
661 922 675 945 ,
704 892 753 934 de
785 893 1012 936 Sedimento
1033 894 1159 934 Maris
1188 892 1237 934 ad
1266 893 1396 934 Littus
1416 894 1566 934 Arimi-

289 949 405 993 nense
437 952 660 1006 generatim
678 950 885 993 dicendum
899 982 909 992 .
942 952 1133 1006 Pleraque
1160 952 1270 991 enim
1300 952 1341 991 in
1361 950 1443 1006 ipso
1462 965 1563 1006 quae

109 1018 198 1050 tota
216 1008 292 1050 hac
313 1007 549 1051 traCtatione
570 1008 841 1061 absolvemus,
860 1010 1130 1064 reperiuntur.
1162 1008 1383 1049 Sedimenti
1402 1010 1564 1050 nomine

109 1065 186 1108 hoc
206 1065 293 1107 loco
322 1067 503 1108 Arenam
523 1066 740 1123 quamdam
759 1067 1018 1123 intelligimus
1045 1067 1155 1108 omni
1174 1066 1429 1108 Concharum
1448 1081 1565 1123 gene-

108 1136 176 1175 re,
197 1124 236 1164 8<
255 1124 546 1167 Vmbilicorum
566 1125 857 1168 refertissimam
877 1156 890 1178 ,
921 1125 985 1168 seu
1013 1138 1065 1167 ex
1083 1125 1188 1167 testis
1207 1125 1463 1167 Concharum
1484 1139 1566 1166 ma-

110 1181 241 1235 jorum
260 1181 418 1235 fraffis,
447 1184 485 1224 8<
504 1198 555 1225 ex
576 1184 752 1224 minimis
763 1184 961 1236 Conehis,
990 1186 1028 1225 8<
1049 1184 1234 1225 Cochleis
1252 1184 1372 1225 variis
1391 1183 1563 1224 constan-

107 1250 218 1290 tem,
237 1241 341 1295 quod
357 1243 517 1282 Arenae
537 1255 657 1296 genus
676 1241 910 1297 plerumque
931 1242 980 1283 ad
1000 1242 1120 1283 undas
1131 1242 1256 1281 Maris
1276 1241 1421 1294 prostat
1440 1242 1563 1295 jisque

111 1296 298 1349 alluitur,
327 1297 558 1352 praesertim
589 1299 631 1338 in
651 1300 729 1351 ejus
749 1299 902 1338 Fluxu.
934 1301 1050 1338 Haec
1071 1300 1207 1339 Arena
1226 1296 1292 1339 seu
1310 1298 1441 1353 potius
1459 1298 1564 1339 Sedi-

111 1366 294 1396 mentum
314 1357 437 1407 majus
458 1354 513 1396 est
531 1356 736 1406 minusve,
764 1355 803 1394 8<
823 1355 1021 1396 interdum
1052 1355 1204 1396 nullum
1234 1369 1307 1409 pro
1334 1357 1446 1397 varia
1466 1367 1565 1397 tem-

110 1411 307 1467 pestatum
326 1442 339 1463 ,
368 1413 407 1452 8<
425 1413 688 1467 procellarum
707 1413 881 1453 ratione.
914 1412 1087 1452 Nullum
1107 1411 1160 1453 est
1180 1412 1282 1454 irato
1302 1426 1436 1465 mare,
1466 1413 1503 1453 &
1523 1413 1565 1453 in

110 1468 194 1525 ipsa
211 1470 474 1524 procellarum
502 1469 737 1526 tempestate
757 1499 768 1512 .
799 1469 989 1511 Abundat
1009 1484 1104 1512 vero
1124 1470 1339 1525 tranquillo
1358 1471 1396 1511 &
1415 1469 1566 1512 exaffls

109 1527 292 1584 procellis
310 1557 324 1580 ,
353 1527 569 1583 sensimque
599 1527 762 1584 placidis
789 1527 902 1569 undis
933 1528 982 1569 ad
1011 1530 1142 1570 Littus
1170 1527 1381 1583 deponitur
1398 1558 1411 1581 ,
1440 1528 1558 1583 idque

110 1584 344 1641 praesertim
366 1586 448 1641 post
465 1585 690 1627 Novilunia
708 1615 721 1638 ,
750 1586 789 1627 &
808 1586 1027 1628 Plenilunia
1046 1617 1059 1638 ,
1089 1600 1214 1641 quum
1242 1585 1347 1628 hisce
1377 1587 1564 1641 tempori-

109 1644 181 1684 bus
199 1672 213 1695 ,
242 1655 285 1685 ut
304 1658 441 1687 omnes
459 1656 627 1697 norunt,
657 1643 824 1698 majores
842 1645 965 1686 Venti
984 1674 997 1696 ,
1027 1644 1388 1699 frequentioresque
1415 1644 1564 1699 procel·

109 1701 171 1744 lae
193 1702 234 1742 in
255 1716 365 1744 mare
386 1701 611 1757 assurgant,
640 1716 742 1757 quae
762 1715 850 1743 tum
870 1715 913 1743 ut
929 1702 1093 1743 fundum
1113 1703 1191 1756 ejus
1209 1717 1330 1758 prope
1353 1702 1463 1743 littus
1482 1715 1564 1742 ma-

109 1759 167 1814 gis
197 1761 424 1800 concutiunt
442 1789 456 1809 ,
485 1762 523 1799 8<
543 1772 798 1801 commovent
816 1789 829 1810 ,
859 1761 916 1801 ita
951 1760 1207 1802 Animalcula
1237 1759 1320 1813 ipsa
1349 1759 1454 1800 testis
1484 1759 1562 1799 illis

110 1826 296 1856 contenta
316 1816 401 1854 loco
421 1815 486 1854 suo
508 1814 713 1853 dimovent
741 1826 784 1852 ut
804 1815 1039 1854 suffocentur
1052 1844 1065 1864 ‚
1095 1818 1338 1864 moriantur,
1369 1828 1487 1868 atque
1507 1817 1564 1856 in-

108 1873 156 1915 de
175 1871 348 1914 secundis
368 1869 547 1911 flufflbus
568 1869 616 1910 ad
636 1870 766 1910 Littus
785 1867 913 1924 ipsum
935 1868 1205 1924 asportentur,
1235 1871 1273 1910 8<
1289 1871 1563 1914 Sedimentum

108 1930 182 1971 hoc
206 1929 380 1970 nostrum
399 1939 636 1984 componant
649 1957 659 1968 .
690 1927 880 1969 Mirabile
912 1925 1002 1969 sane
1032 1927 1086 1969 est
1115 1926 1334 1982 hujusmodi
1364 1929 1563 1971 Sedimen-

108 2000 199 2028 tum
238 1988 281 2028 in
310 1988 490 2028 omnibus
518 1986 612 2027 locis
640 1986 853 2026 maritimis
871 2015 885 2037 ‚
914 1999 992 2026 non
1018 1997 1176 2027 tantum
1205 1998 1367 2041 propter
1394 1987 1562 2041 majores

109 2045 247 2097 testas,
277 2059 373 2101 quas
390 2045 609 2100 permixtas
627 2043 772 2096 habet,
801 2058 981 2099 quaeque
1000 2044 1042 2084 in
1061 2043 1116 2084 sui
1137 2044 1442 2086 admirationem
1462 2044 1560 2087 sum-

112 2117 196 2144 mos
214 2104 353 2154 Viros,
382 2114 425 2143 ut
445 2102 615 2143 diximus
635 2102 676 2142 in
694 2102 964 2157 praefatione,
982 2099 1138 2157 semper
1157 2115 1390 2155 traxerunt,
1419 2102 1484 2145 sed
1504 2116 1560 2146 et-

114 2163 196 2202 iam
215 2172 377 2216 propter
396 2160 483 2201 illas
501 2161 685 2201 minimas
705 2160 952 2212 Conchulas,
971 2160 1009 2200 8<
1028 2160 1260 2202 Cochleolas
1279 2191 1290 2202 .
1322 2162 1380 2202 At
1399 2173 1562 2216 propter

114 2217 203 2260 istas
222 2232 314 2274 prae
334 2219 475 2259 ceteris
502 2217 733 2260 admirabile
755 2217 809 2259 est
828 2218 1100 2260 Sedimentum
1117 2218 1390 2270 Ariminense,
1409 2230 1452 2260 ut
1472 2234 1559 2261 cen·

114 2289 201 2319 tum
220 2290 367 2332 genera
385 2277 422 2317 8<
440 2276 542 2317 ultra
561 2276 705 2317 horum
723 2290 929 2331 corporum
949 2277 1228 2327 minimorum,
1248 2290 1416 2332 quorum
1434 2277 1561 2331 plera-

114 2348 191 2390 que
211 2333 382 2387 inta6la,
412 2335 450 2374 8<
469 2335 510 2375 in
528 2334 656 2375 Libris
674 2348 754 2375 non
772 2333 926 2390 depiS’ta
945 2335 1144 2376 contineat
1164 2364 1175 2375 .
1206 2336 1314 2375 Cum
1334 2334 1562 2378 Sedimento

115 2393 355 2434 Ariminensi
374 2393 540 2434 minime
560 2392 720 2447 quidem
740 2392 1047 2448 comparandum
1067 2392 1121 2434 est
1147 2392 1244 2433 illud
1275 2393 1444 2434 aliarum
1464 2395 1557 2434 vici-

112 2464 256 2492 narum
273 2451 465 2503 Vrbium,
494 2449 714 2493 Pisaurense
734 2465 876 2506 nempe
889 2482 902 2504 ,
922 2449 1164 2501 Cerviense,
1185 2453 1384 2492 Venetum
1403 2450 1528 2506 ipsum
1539 2465 1555 2505 ‚-

113 2510 338 2566 quinimmo
366 2523 495 2567 neque
523 2509 621 2553 illud
650 2508 773 2552 Inferi
792 2511 919 2552 Maris
938 2539 951 2563 ,
981 2522 1023 2551 ut
1043 2524 1094 2553 ex
1114 2509 1183 2550 illo
1213 2524 1264 2551 ex
1283 2510 1436 2550 Littore
1457 2511 1559 2551 Cen-

1402 2579 1504 2608 tum·
