1951 3085
426 193 800 256 M1st
884 197 1268 260 NOT13·.
1435 220 1498 271 27

116 310 306 365 Fungites
327 307 473 364 lapidei
494 306 744 364 complicati,
774 307 812 348 8<
841 321 921 349 non
953 320 1039 352 tam
1057 310 1218 366 patuli,
1248 319 1292 351 ut
1322 308 1410 352 sunt
1440 312 1568 368 Fungi

115 368 260 423 lapidei
292 367 341 408 fic
362 366 479 409 diffi.

488 544 918 598 CAPVT
997 544 1180 595 XXI.

113 655 407 695 NERITVLA
445 665 509 693 Ex
548 662 683 693 ALBo
721 662 895 693 RVBRA
934 663 1253 694 TRICORNEA
1294 664 1566 707 LABIATA,

170 720 240 752 ET
277 720 602 750 cocHLEATA
636 712 902 750 LITTORIS
937 711 1340 752 ARIMINENSIS.
1371 714 1563 754 EADEM

171 778 339 809 MAG1s
379 778 703 809 COCHLEATA
740 778 852 809 NON
892 779 1153 811 LABIATA.

308 943 494 995 quoniam
526 942 713 982 mediocri
745 956 905 997 corpore
931 943 1049 995 sunt,
1080 945 1117 984 8(
1148 944 1225 996 ejus
1247 942 1529 997 magnitudinis
1548 972 1561 994 ,

307 1014 384 1054 qua
405 1001 444 1039 in
466 1000 625 1039 Tabula
638 1003 713 1039 ΙΙΙ.
737 1001 861 1054 figura
881 1004 957 1040 III.
980 1001 1046 1040 sub
1068 1003 1212 1042 litteris
1235 1003 1271 1039 G
1292 1001 1328 1038 8(
1349 1003 1381 1039 F
1401 1014 1562 1041 cernun-

105 1067 204 1106 tur,
235 1059 339 1097 Neri
345 1058 443 1097 tulas
475 1057 704 1111 appellavi.
740 1060 921 1114 Qarum
943 1071 1020 1097 una
1038 1087 1049 1108 ,
1081 1072 1181 1112 quae
1203 1071 1244 1097 os
1265 1058 1386 1098 habet
1407 1057 1560 1097 craffius

104 1086 349 1168 lpissiusque,
370 1114 565 1153 &iustum
578 1115 869 1169 quodammodo
887 1118 1102 1166 reflexum,
1121 1116 1313 1156 labiatam
1335 1115 1561 1180 appellavi.

105 1172 248 1213 Altera
269 1172 321 1213 est
345 1187 411 1213 ore
433 1173 530 1213 exili
550 1174 586 1212 8(
606 1188 765 1228 corpo-re
787 1173 1021 1228 plerumque
1043 1175 1212 1224 minori,
1243 1172 1308 1213 led
1339 1174 1465 1228 magis
1496 1188 1558 1212 co-

105 1228 284 1270 chleato.
319 1231 441 1270 Velut
464 1230 660 1271 terrestres
679 1233 860 1274 Limaces
884 1231 1048 1272 fundum
1072 1233 1190 1271 maris
1210 1242 1465 1285 perreptant,
1495 1230 1561 1271 sed

103 1287 249 1328 incessu
272 1289 512 1330 Tricorneae
534 1289 741 1339 videntur,
773 1290 864 1343 quia
884 1301 1044 1342 praeter
1063 1289 1138 1328 duo
1151 1290 1336 1339 Cornua,
1356 1289 1395 1327 in
1419 1289 1563 1342 quibus

105 1345 235 1386 oculos
257 1359 399 1399 gerunt
419 1375 431 1396 ,
462 1347 624 1386 tertium
645 1347 684 1385 in
706 1347 836 1387 medio
857 1347 972 1386 altius
992 1346 1179 1386 attollunt
1200 1345 1319 1386 instar
1339 1358 1558 1398 antennae,

106 1402 210 1457 quod
234 1415 475 1444 excavatum
497 1403 551 1444 est
575 1404 685 1443 velut
707 1403 942 1444 canaliculus
963 1417 1032 1457 per
1050 1403 1339 1458 longitudinem
1359 1403 1561 1456 diffefflus,

107 1475 226 1515 quem
248 1461 527 1501 Canaliculum
559 1459 624 1502 seu
646 1462 875 1501 Antennam
899 1490 910 1510 ,
939 1461 1208 1502 Proboscidem
1242 1461 1455 1515 quamdam
1483 1462 1557 1502 effe

105 1530 204 1573 puto
227 1518 313 1558 loco
335 1520 433 1570 oris,
454 1531 496 1559 ut
516 1519 555 1558 in
577 1517 723 1559 Muscis
753 1520 789 1558 8(
809 1520 849 1559 in
870 1520 1134 1574 Papilionibus
1155 1519 1386 1574 quibusdam
1404 1518 1557 1559 noetur-

104 1577 188 1616 nis.
224 1575 447 1618 Observavi
478 1578 603 1618 etiam
634 1577 833 1618 Turbines
864 1579 1037 1633 virgatos
1057 1607 1068 1629 ,
1099 1591 1194 1632 quos
1215 1577 1398 1632 sequenti>
1426 1578 1556 1631 capite

104 1633 319 1674 describam
341 1635 414 1676 effe
436 1636 675 1676 Tricorneos
693 1665 702 1675 .
736 1636 802 1675 An
826 1635 1004 1678 universa
1025 1636 1289 1677 Cochlearum
1310 1636 1559 1676 marinarum

102 1706 277 1746 genera,
309 1691 480 1733 Neritae
502 1706 670 1746 nempe,
702 1694 900 1734 Turbines
919 1724 930 1745 ,
960 1696 1182 1749 Purpurae,
1202 1694 1395 1744 Buccina,
1426 1694 1463 1732 8(
1494 1708 1557 1734 ce-

103 1761 189 1790 tera
210 1749 429 1801 hujusmodi
454 1750 526 1789 fint
547 1752 767 1791 Tri-cornea
787 1766 863 1792 non
885 1752 1005 1793 aufim
1026 1754 1244 1801 affirmare,
1275 1765 1415 1791 verum
1436 1750 1552 1791 valde

103 1806 267 1846 dubito.
303 1808 466 1846 Praeter
495 1806 566 1845 haas
597 1806 690 1844 duas
720 1808 1003 1846 Neri-tularum
1024 1809 1167 1860 species
1187 1835 1199 1856 ,
1230 1809 1267 1845 8(
1285 1820 1443 1860 praeter
1474 1809 1552 1848 tria

100 1863 327 1903 Turbinum
350 1864 607 1916 Virgatorum
628 1874 775 1915 genera
799 1890 812 1913 ,
849 1877 949 1916 quae
980 1864 1114 1903 omnia
1136 1864 1355 1903 Tricornea
1385 1863 1458 1904 effe
1488 1864 1558 1904 obe

100 1920 277 1971 servavi,
308 1920 357 1960 ab
377 1920 595 1961 Reamurio
616 1919 656 1958 in
679 1916 788 1958 Affis
803 1919 1047 1961 Academiae
1069 1920 1284 1961 Parifienfis
1306 1922 1398 1960 anni
1425 1935 1553 1973 1710e

77 1979 225 2033 'figura
245 1989 362 2018 XVII
376 1989 406 2019 Ι.
430 1978 607 2032 pingitur
627 1978 841 2016 Buccinum
862 1977 1060 2032 quoddam
1079 1992 1251 2032 parvum
1263 1980 1527 2019 Tricorneum
1538 2010 1557 2032 ‚.

101 2037 167 2077 seu
187 2050 278 2077 curn
300 2034 525 2076 Proboscide
540 2065 552 2086 ,
573 2034 637 2075 sed
654 2034 700 2076 de
720 2035 794 2076 hac
807 2035 1034 2077 Proboscide
1065 2037 1172 2076 nulla
1193 2037 1236 2077 fit
1256 2037 1426 2078 mentio.
1460 2039 1552 2078 Hae

99 2094 316 2134 Neritulae
347 2093 578 2148 operculum
607 2093 756 2134 habent
777 2123 789 2145 ,
820 2094 924 2149 quod
955 2094 1048 2134 dum
1079 2108 1150 2149 per
1168 2096 1298 2135 Littus
1319 2106 1477 2148 reptant
1507 2095 1550 2135 in

107 2153 366 2192 extremitate
388 2165 529 2193 carnea
548 2164 690 2205 gerunt
713 2181 725 2202 ,
757 2166 924 2206 quocum
957 2164 1095 2206 captae
1128 2151 1164 2191 se
1196 2153 1236 2192 in
1256 2152 1418 2191 domum
1442 2151 1552 2192 suam

106 2210 326 2264 recipiunt,
357 2210 393 2249 8(
414 2208 665 2250 clauduntur.
699 2213 857 2264 Quare,
888 2223 930 2251 ut
950 2212 1100 2265 optime
1131 2211 1285 2250 notavit
1306 2209 1553 2261 Bonannius,

107 2268 334 2321 Conchylia
365 2269 499 2308 omnia
530 2267 705 2309 bivalvia
734 2268 810 2309 dici
833 2269 981 2323 poffunt
1001 2298 1013 2319 ,
1046 2266 1109 2309 sed
1130 2267 1178 2307 ab
1198 2267 1257 2307 his
1278 2268 1412 2307 Nuces
1435 2268 1551 2308 mari-

107 2339 205 2377 nae,
224 2339 268 2367 ut
292 2325 485 2377 vidimus,
505 2324 591 2366 sunt
612 2327 886 2381 excipiendae,
912 2341 1012 2381 quae
1033 2338 1249 2379 numquam
1269 2323 1449 2365 universo
1471 2339 1554 2365 cor-

107 2397 203 2438 pore
236 2384 338 2438 quod
359 2397 551 2439 magnum
580 2385 618 2425 &
647 2385 762 2440 plane
793 2385 1095 2440 cartilagineum
1116 2383 1168 2423 est
1197 2384 1303 2425 intra
1331 2382 1551 2424 Cochleam

105 2440 215 2484 finam
245 2442 281 2486 se
311 2444 529 2499 recipiunt«

108 885 342 1022 DVO
373 884 612 924 Neritarum
643 899 788 939 genera
819 886 996 926 continet
1025 885 1206 941 praesens
1237 884 1398 926 Titulus
1418 915 1430 936 ,
1461 898 1562 939 quae

1022 2557 1064 2599 D
1124 2569 1148 2596 2
1387 2558 1494 2597 CA-
