1951 3085
400 177 741 235 AEsTus
799 177 1291 239 MARITIMI.
1421 203 1487 254 75

115 289 284 332 Saeculis
304 289 429 332 mersa
449 291 489 331 in
510 293 623 332 Mare
645 289 745 344 jacet
776 289 854 345 (a)
886 304 928 331 ut
953 293 1144 334 Turrium
1165 293 1313 336 mersae
1338 295 1453 336 Vrbis
1476 310 1565 338 ver·

115 351 208 390 tices
228 350 269 388 in
291 362 439 404 magnai
458 351 576 390 maris
597 349 884 402 tranquillitate
907 364 1124 405 appareant
1146 382 1158 403 ,
1190 355 1246 394 uti
1279 353 1464 395 Historici
1496 369 1562 394 no-

113 407 178 448 stri
199 419 420 449 memorant
445 407 546 462 (b)?
582 407 696 464 Quod
719 409 941 449 maximum
963 409 1016 449 est
1049 423 1218 464 magnae
1248 412 1445 465 cujusdam
1467 413 1561 454 allu-

111 467 238 507 vionis
260 478 560 507 monumentum
575 496 584 506 .
616 468 776 506 Tamen
805 480 914 507 mare
944 467 999 507 ibi
1024 468 1193 508 multum
1214 468 1400 523 superiori
1424 472 1561 511 Saecu-

110 524 150 564 lo
177 538 198 564 a
218 538 319 579 pago
340 524 573 566 Catholicae
595 553 606 575 ,
637 525 703 578 qui
724 538 842 578 prope
864 524 1033 566 mersam
1060 527 1208 567 Vrbem
1230 527 1398 569 surrexit
1416 558 1429 580 ,
1460 543 1561 570 rece-

110 582 250 633 debat,
282 594 324 622 ut
344 584 484 622 Turris
516 582 707 636 quaedum
739 583 1006 635 speculatoria
1037 583 1090 623 ibi
1119 584 1298 625 adversus
1329 587 1479 628 Piratas
1511 586 1561 628 ab

111 640 343 681 Alexandro
364 642 454 680 VII.
478 641 588 678 Pont.
603 641 718 679 Max.
741 640 788 678 ad
809 640 954 680 radices
976 642 1160 681 Focariae
1182 644 1470 693 Promontorii,
1494 643 1567 684 seu

110 711 153 738 ut
176 699 289 738 hodie
313 709 478 748 vocant,
510 698 713 736 Montium
733 697 965 738 Catholicae
986 697 1201 739 construffia
1233 714 1304 755 per
1331 700 1442 755 plura
1462 703 1562 741 Ter-

110 769 244 796 rarum
264 756 423 810 jugera,
455 769 548 809 quas
576 756 761 795 Aratores
792 755 974 796 colebant
996 785 1007 807 ,
1039 755 1198 797 distaret
1218 787 1228 797 .
1266 760 1414 800 Verum
1446 759 1560 800 hodie

110 817 227 856 Mare
258 814 312 852 ibi
334 814 435 854 vires
466 826 693 867 recuperat,
726 825 766 853 ut
790 815 930 853 Turris
952 815 1044 865 illa,
1075 815 1111 854 8<
1131 816 1208 855 alia
1229 816 1391 856 inferior
1410 818 1459 857 ab
1480 817 1560 870 ejus

111 873 221 912 undis
243 872 517 911 concutiantur
538 901 549 921 ,
580 872 616 910 8<
638 871 704 910 nifi
728 872 1004 925 provideatur,
1037 872 1148 914 brevi
1169 874 1369 915 fortunam
1402 875 1557 915 vicinae

115 931 233 969 Vrbis
254 929 442 970 Conchae
475 930 547 969 sint
579 928 772 971 subiturae
795 960 804 970 .
838 933 971 988 Qiare
995 945 1045 970 ex
1067 931 1127 971 his
1146 933 1325 973 omnibus
1345 963 1356 984 ,
1388 947 1488 987 quae
1519 933 1561 972 in

111 989 184 1028 hoc
207 988 369 1028 Scholio
387 988 613 1038 retulimus,
645 1000 808 1041 apparet
829 989 938 1028 Mari
959 987 1085 1028 nostro
1106 990 1340 1030 Hadriatico
1372 992 1562 1030 Passiones

109 1048 195 1087 illas
226 1045 466 1086 secundarias
499 1046 729 1086 fluminum
760 1048 974 1085 convenire
994 1074 1005 1093 ,
1048 1046 1169 1085 Alvei
1201 1046 1345 1089 scilicet
1378 1048 1561 1088 mutatio-

108 1118 223 1154 nem,
255 1103 392 1143 saltem
427 1105 466 1142 in
497 1115 632 1156 parte,
654 1102 954 1152 Corrofionem,
977 1103 1014 1141 8<
1035 1103 1294 1145 Alluvionem
1313 1135 1325 1157 ,
1355 1106 1413 1146 uti
1444 1106 1566 1147 certis.

107 1160 304 1214 exemplis
334 1159 748 1213 observationibusque
770 1161 1043 1214 probavimus„

355 1279 384 1315 S
424 1277 460 1315 C
502 1278 548 1316 H
581 1278 615 1315 Ο
655 1277 691 1316 L
731 1278 756 1315 I
791 1279 918 1317 VM
979 1278 1324 1319 VLTIMVM.

146 1410 147 1415 ¹
210 1393 246 1432 X
273 1405 350 1446 quo
381 1392 498 1431 Mare
530 1389 700 1430 nostrum
734 1405 756 1431 a
779 1390 1086 1432 Conti'nentibus
1118 1393 1255 1432 Terris
1287 1392 1434 1434 recedit
1455 1423 1466 1445 ,
1497 1395 1556 1434 uti

239 1449 287 1489 ab
318 1450 424 1489 Vrbe
448 1447 598 1500 nostra,
629 1449 665 1487 8(
695 1462 717 1489 a
741 1449 935 1488 Ravenna
965 1462 1106 1490 revera
1137 1449 1285 1490 recessit
1305 1480 1317 1502 ,
1348 1465 1557 1506 argumen-

107 1520 249 1547 tantur*
272 1506 396 1561 aliqui
424 1507 521 1546 olim
552 1507 755 1546 cacumina
777 1507 1082 1559 Apenninorum
1114 1507 1274 1548 tenuisse
1300 1538 1312 1559 ,
1351 1509 1388 1548 8<
1419 1509 1557 1550 sensim

111 1564 278 1606 labendo
309 1563 373 1605 seu
395 1563 611 1606 recedendo
631 1578 677 1604 eo
698 1563 890 1605 devenisse
923 1565 989 1604 ubi
1010 1580 1111 1606 nunc
1132 1565 1185 1606 est
1203 1595 1216 1617 ,
1246 1566 1423 1608 tamdem
1443 1568 1483 1607 in
1503 1569 1558 1607 ni-

107 1623 236 1663 hilum
267 1622 332 1663 vel
365 1623 405 1661 in
437 1622 625 1662 Paludem
647 1622 820 1677 aliquam
852 1622 1093 1664 desiturum.
1125 1626 1185 1663 Ac
1217 1637 1423 1678 propterea
1454 1627 1559 1665 Con·

106 1681 237 1734 chylia
271 1680 339 1720 illa
361 1681 512 1720 marina
534 1710 544 1730 ,
576 1694 675 1734 quae
707 1679 843 1735 passim
875 1681 915 1720 in
935 1682 1116 1722 omnibus
1147 1683 1351 1722 Montibus
1383 1685 1558 1736 Apenni-

106 1740 172 1790 ni,
204 1739 241 1777 8<
271 1738 313 1777 in
345 1737 480 1777 nostris
500 1739 701 1788 Collibus,
732 1739 799 1791 qui
831 1737 916 1778 sunt
948 1739 1028 1791 ejus
1048 1740 1296 1794 Appendices
1317 1770 1328 1791 ,
1359 1742 1564 1795 reperiun-v

107 1808 197 1847 tur,
228 1809 396 1849 quorum
427 1795 614 1835 nonnulla
645 1793 830 1848 superiori
852 1796 970 1834 Libro
1002 1797 1310 1837 memoravimus
1331 1826 1342 1847 ,
1372 1811 1455 1836 non·
1482 1799 1556 1840 effe

106 1869 167 1897 res
188 1854 446 1903 Diluvianas,
482 1854 540 1892 uti
561 1852 760 1892 communi
780 1851 861 1893 sere
882 1854 1065 1893 omniurn
1087 1854 1276 1894 Gentium
1298 1854 1477 1895 consensu
1498 1870 1557 1897 re-

105 1924 268 1966 ceptum
290 1910 366 1961 est,
399 1911 437 1950 8<
467 1924 589 1965 nuper
609 1909 748 1950 diserte
768 1911 951 1963 probavit
971 1910 1277 1963 Woodwardus,
1309 1911 1372 1954 sed
1392 1916 1556 1955 exuvias

106 1970 179 2012 effe
212 1970 262 2010 ab
293 1967 374 2023 ipso
405 1969 514 2008 Mari
539 1967 665 2008 nostro
685 1998 697 2019 ,
728 1967 882 2022 quando
915 1970 1093 2010 Monteis
1118 1970 1203 2009 illos
1235 1971 1406 2011 alluebat
1427 2001 1438 2023 ,
1468 1973 1556 2013 reli-

108 2027 186 2068 &as
208 2057 218 2067 .
251 2026 367 2082 Qod
399 2026 445 2066 de
468 2026 672 2066 Montibus
689 2026 824 2066 nostris
855 2028 996 2068 Italiae
1028 2027 1162 2068 dicunt
1181 2058 1194 2080 ,
1224 2029 1263 2068 id
1283 2029 1328 2070 de
1349 2030 1555 2070 Montibus

107 2085 295 2126 universis
319 2084 437 2125 Orbis
457 2086 698 2136 Terrarum,
729 2085 769 2124 in
789 2086 926 2139 quibus
957 2086 1054 2126 haec
1075 2099 1331 2128 monumenta
1352 2088 1554 2131 inveniun-

108 2157 174 2185 tur
184 2141 333 2183 dietum
346 2142 504 2183 volunt.
538 2143 644 2199 Quid
658 2144 786 2194 enirn,
800 2143 931 2196 ajunt,
950 2158 1044 2198 opus
1056 2143 1129 2195 est,
1151 2156 1193 2184 ut
1214 2145 1452 2199 explicemus
1463 2160 1554 2199 quo-

107 2201 224 2243 modo
256 2201 439 2242 Marinae
461 2202 670 2252 Conchae,
690 2202 932 2242 &Vmbilici
952 2203 1052 2244 varii
1075 2203 1115 2241 in
1135 2204 1341 2242 Montibus
1360 2205 1555 2257 reperian-

109 2273 198 2310 tur,
228 2271 408 2313 tempora
430 2260 626 2301 Noachici
645 2259 889 2313 Cataclysmi
912 2262 952 2300 in
974 2259 1148 2301 medium
1169 2259 1380 2311 adducere,
1402 2262 1466 2302 vel
1480 2263 1553 2302 Fa-

108 2318 219 2359 bulas
239 2317 503 2359 Certaldenfis
525 2319 564 2358 in
588 2319 795 2372 Philocopo
816 2319 861 2359 de
874 2322 1080 2373 Lycaone,
1112 2319 1176 2359 vel
1195 2317 1360 2373 denique
1383 2318 1467 2360 illas
1479 2322 1554 2359 Ve-

110 2375 237 2417 nusini
257 2377 370 2416 Vatis
401 2376 447 2417 de
470 2378 610 2417 Proteo
630 2407 642 2429 ,
672 2377 739 2430 qui
760 2407 772 2427 ,
805 2378 925 2428 olim,
955 2389 997 2417 ut
1020 2376 1097 2431 ipse
1114 2378 1287 2431 loquitur
1306 2407 1317 2427 ,
1348 2378 1466 2417 Pecus
1498 2379 1556 2417 Pi·

110 2434 239 2475 scium.
256 2435 337 2490 egit
359 2434 457 2476 altos
478 2434 607 2478 visere
624 2437 811 2477 monteis.
847 2434 977 2493 Qud,
997 2436 1201 2490 inquiunt,
1231 2449 1325 2489 opus
1345 2435 1399 2477 est
1417 2434 1555 2474 Woocl'-

1057 2496 1098 2533 K
1158 2508 1180 2533 2
1372 2493 1505 2534 Wardi·
1539 2495 1543 2515 ἕ

141 2568 207 2603 Κλ)
231 2565 398 2598 Βαιιτίνιτνιιί.
414 2566 566 2607 Geograph.
586 2567 738 2599 Ed-ffissz-
780 2568 838 2607 (b)
860 2567 1115 2607 Rafizelffldismcr.
1127 2567 1300 2597 Sinssimin.
1317 2566 1336 2595 Ι.
1352 2578 1385 2597 z..
