<?xml version="1.0" encoding="UTF-8"?>
<!DOCTYPE html PUBLIC "-//W3C//DTD XHTML 1.0 Transitional//EN"
    "http://www.w3.org/TR/xhtml1/DTD/xhtml1-transitional.dtd">
<html xmlns="http://www.w3.org/1999/xhtml" xml:lang="en" lang="en">
 <head>
  <title>
</title>
<meta http-equiv="Content-Type" content="text/html;charset=utf-8" />
  <meta name='ocr-system' content='tesseract 3.04.00' />
  <meta name='ocr-capabilities' content='ocr_page ocr_carea ocr_par ocr_line ocrx_word'/>
</head>
<body>
  <div class='ocr_page' id='page_1' title='image "./janiplanciarimin01bian_0078.png"; bbox 0 0 1951 3085; ppageno 0'>
   <div class='ocr_carea' id='block_1_1' title="bbox 513 213 1520 286">
    <p class='ocr_par' dir='ltr' id='par_1_1' title="bbox 513 213 1520 286">
     <span class='ocr_line' id='line_1_1' title="bbox 513 213 1520 286; baseline -0.003 -16"><span class='ocrx_word' id='word_1_1' title='bbox 513 238 580 286; x_wconf 87' lang='lat'>70</span> <span class='ocrx_word' id='word_1_2' title='bbox 812 213 1520 269; x_wconf 73' lang='lat' dir='ltr'><strong>SPEC‘IMEN</strong></span> 
     </span>
    </p>
   </div>
   <div class='ocr_carea' id='block_1_2' title="bbox 429 321 1895 2567">
    <p class='ocr_par' dir='ltr' id='par_1_2' title="bbox 429 321 1895 2567">
     <span class='ocr_line' id='line_1_2' title="bbox 432 321 1891 377; baseline -0.007 -5"><span class='ocrx_word' id='word_1_3' title='bbox 432 344 480 372; x_wconf 84' lang='lat' dir='ltr'>ne</span> <span class='ocrx_word' id='word_1_4' title='bbox 503 328 638 369; x_wconf 82' lang='lat' dir='ltr'>Maria</span> <span class='ocrx_word' id='word_1_5' title='bbox 657 324 797 376; x_wconf 84' lang='lat' dir='ltr'>Cella,</span> <span class='ocrx_word' id='word_1_6' title='bbox 826 323 925 363; x_wconf 89' lang='lat' dir='ltr'>Viro</span> <span class='ocrx_word' id='word_1_7' title='bbox 957 323 998 362; x_wconf 91' lang='lat' dir='ltr'>in</span> <span class='ocrx_word' id='word_1_8' title='bbox 1024 321 1322 363; x_wconf 86' lang='lat' dir='ltr'>Mathematicis</span> <span class='ocrx_word' id='word_1_9' title='bbox 1354 322 1538 374; x_wconf 86' lang='lat' dir='ltr'>erudito,</span> <span class='ocrx_word' id='word_1_10' title='bbox 1569 322 1636 377; x_wconf 91' lang='lat' dir='ltr'>qui</span> <span class='ocrx_word' id='word_1_11' title='bbox 1667 321 1891 363; x_wconf 69' lang='lat' dir='ltr'>nostrorum‘</span> 
     </span>
     <span class='ocr_line' id='line_1_3' title="bbox 432 380 1885 436; baseline -0.006 -8"><span class='ocrx_word' id='word_1_12' title='bbox 432 387 656 428; x_wconf 81' lang='lat' dir='ltr'>Studiorum</span> <span class='ocrx_word' id='word_1_13' title='bbox 670 383 904 436; x_wconf 87' lang='lat' dir='ltr'>Adjutorem</span> <span class='ocrx_word' id='word_1_14' title='bbox 924 380 1140 422; x_wconf 73' lang='lat' dir='ltr'>liberaliter</span> <span class='ocrx_word' id='word_1_15' title='bbox 1158 380 1356 421; x_wconf 88' lang='lat' dir='ltr'>interdum</span> <span class='ocrx_word' id='word_1_16' title='bbox 1378 380 1415 420; x_wconf 86' lang='lat' dir='ltr'>se</span> <span class='ocrx_word' id='word_1_17' title='bbox 1437 381 1622 435; x_wconf 82' lang='lat' dir='ltr'><strong>praebet,</strong></span> <span class='ocrx_word' id='word_1_18' title='bbox 1637 383 1784 420; x_wconf 91' lang='lat' dir='ltr'>Lutum</span> <span class='ocrx_word' id='word_1_19' title='bbox 1796 381 1885 420; x_wconf 90' lang='lat' dir='ltr'>Flu-</span> 
     </span>
     <span class='ocr_line' id='line_1_4' title="bbox 431 437 1888 493; baseline -0.004 -9"><span class='ocrx_word' id='word_1_20' title='bbox 431 445 550 485; x_wconf 86' lang='lat' dir='ltr'>minis</span> <span class='ocrx_word' id='word_1_21' title='bbox 570 441 688 482; x_wconf 87' lang='lat' dir='ltr'>nostri</span> <span class='ocrx_word' id='word_1_22' title='bbox 709 442 748 481; x_wconf 90' lang='lat' dir='ltr'>in</span> <span class='ocrx_word' id='word_1_23' title='bbox 762 439 1039 480; x_wconf 87' lang='lat' dir='ltr'>Alluvionibus</span> <span class='ocrx_word' id='word_1_24' title='bbox 1061 437 1268 479; x_wconf 68' lang='lat' dir='ltr'>adveeStum</span> <span class='ocrx_word' id='word_1_25' title='bbox 1282 468 1293 489; x_wconf 88' lang='lat'>,</span> <span class='ocrx_word' id='word_1_26' title='bbox 1307 438 1379 481; x_wconf 80' lang='lat' dir='ltr'>effe</span> <span class='ocrx_word' id='word_1_27' title='bbox 1396 440 1533 493; x_wconf 84' lang='lat' dir='ltr'>Aquae</span> <span class='ocrx_word' id='word_1_28' title='bbox 1555 438 1783 479; x_wconf 86' lang='lat' dir='ltr'>advehentis</span> <span class='ocrx_word' id='word_1_29' title='bbox 1803 452 1888 493; x_wconf 87' lang='lat' dir='ltr'>par-</span> 
     </span>
     <span class='ocr_line' id='line_1_5' title="bbox 430 496 1888 550; baseline -0.005 -7"><span class='ocrx_word' id='word_1_30' title='bbox 430 515 515 543; x_wconf 86' lang='lat' dir='ltr'>tem</span> <span class='ocrx_word' id='word_1_31' title='bbox 538 501 585 540; x_wconf 90' lang='lat' dir='ltr'>ad</span> <span class='ocrx_word' id='word_1_32' title='bbox 607 502 734 539; x_wconf 83' lang='lat' dir='ltr'>minus</span> <span class='ocrx_word' id='word_1_33' title='bbox 754 496 1205 550; x_wconf 81' lang='lat' dir='ltr'>decimamseptimam;</span> <span class='ocrx_word' id='word_1_34' title='bbox 1237 511 1332 536; x_wconf 88' lang='lat' dir='ltr'>nam</span> <span class='ocrx_word' id='word_1_35' title='bbox 1365 510 1415 536; x_wconf 79' lang='lat' dir='ltr'>ex</span> <span class='ocrx_word' id='word_1_36' title='bbox 1451 497 1571 536; x_wconf 87' lang='lat' dir='ltr'>unciis</span> <span class='ocrx_word' id='word_1_37' title='bbox 1604 510 1680 537; x_wconf 87' lang='lat' dir='ltr'>una</span> <span class='ocrx_word' id='word_1_38' title='bbox 1710 497 1747 535; x_wconf 83' lang='lat'>8&lt;</span> <span class='ocrx_word' id='word_1_39' title='bbox 1777 498 1888 550; x_wconf 88' lang='lat' dir='ltr'>quin-</span> 
     </span>
     <span class='ocr_line' id='line_1_6' title="bbox 432 553 1888 615; baseline -0.004 -16"><span class='ocrx_word' id='word_1_40' title='bbox 432 561 625 615; x_wconf 76' lang='lat' dir='ltr'>quaginta</span> <span class='ocrx_word' id='word_1_41' title='bbox 652 560 788 612; x_wconf 81' lang='lat' dir='ltr'>Aquae</span> <span class='ocrx_word' id='word_1_42' title='bbox 821 569 943 610; x_wconf 85' lang='lat' dir='ltr'>quam</span> <span class='ocrx_word' id='word_1_43' title='bbox 970 566 1061 595; x_wconf 88' lang='lat' dir='ltr'>ante</span> <span class='ocrx_word' id='word_1_44' title='bbox 1085 553 1191 594; x_wconf 90' lang='lat' dir='ltr'>diem</span> <span class='ocrx_word' id='word_1_45' title='bbox 1216 565 1258 593; x_wconf 87' lang='lat' dir='ltr'>X.</span> <span class='ocrx_word' id='word_1_46' title='bbox 1283 553 1481 595; x_wconf 88' lang='lat' dir='ltr'>Calendas</span> <span class='ocrx_word' id='word_1_47' title='bbox 1502 555 1737 594; x_wconf 79' lang='lat' dir='ltr'>Februarias</span> <span class='ocrx_word' id='word_1_48' title='bbox 1769 556 1888 594; x_wconf 87' lang='lat' dir='ltr'>Anno</span> 
     </span>
     <span class='ocr_line' id='line_1_7' title="bbox 430 611 1886 672; baseline -0.005 -13"><span class='ocrx_word' id='word_1_49' title='bbox 430 617 561 672; x_wconf 81' lang='lat' dir='ltr'>elapso</span> <span class='ocrx_word' id='word_1_50' title='bbox 586 624 957 657; x_wconf 72' lang='lat' dir='ltr'>CIDIDCCXXXV</span> <span class='ocrx_word' id='word_1_51' title='bbox 972 624 1027 653; x_wconf 88' lang='grc' dir='ltr'>ΙΙ.</span> <span class='ocrx_word' id='word_1_52' title='bbox 1049 613 1089 652; x_wconf 91' lang='lat' dir='ltr'>in</span> <span class='ocrx_word' id='word_1_53' title='bbox 1111 612 1239 652; x_wconf 87' lang='lat' dir='ltr'>nostro</span> <span class='ocrx_word' id='word_1_54' title='bbox 1257 613 1440 653; x_wconf 85' lang='lat' dir='ltr'>Flumine</span> <span class='ocrx_word' id='word_1_55' title='bbox 1465 613 1642 652; x_wconf 81' lang='lat' dir='ltr'>Arimini</span> <span class='ocrx_word' id='word_1_56' title='bbox 1662 611 1780 651; x_wconf 90' lang='lat' dir='ltr'>hodie</span> <span class='ocrx_word' id='word_1_57' title='bbox 1802 612 1886 652; x_wconf 90' lang='lat' dir='ltr'>vul-</span> 
     </span>
     <span class='ocr_line' id='line_1_8' title="bbox 431 670 1889 731; baseline -0.005 -15"><span class='ocrx_word' id='word_1_58' title='bbox 431 690 483 731; x_wconf 75' lang='lat' dir='ltr'>go</span> <span class='ocrx_word' id='word_1_59' title='bbox 507 672 729 716; x_wconf 78' lang='lat' dir='ltr'>Mariculae</span> <span class='ocrx_word' id='word_1_60' title='bbox 750 686 927 726; x_wconf 85' lang='lat' dir='ltr'>tempore</span> <span class='ocrx_word' id='word_1_61' title='bbox 950 671 1105 722; x_wconf 84' lang='lat' dir='ltr'>majoris</span> <span class='ocrx_word' id='word_1_62' title='bbox 1125 670 1399 711; x_wconf 76' lang='lat' dir='ltr'>exundationis</span> <span class='ocrx_word' id='word_1_63' title='bbox 1432 670 1633 710; x_wconf 80' lang='lat' dir='ltr'>sumsimus</span> <span class='ocrx_word' id='word_1_64' title='bbox 1653 700 1664 722; x_wconf 84' lang='lat'>,</span> <span class='ocrx_word' id='word_1_65' title='bbox 1696 671 1790 710; x_wconf 89' lang='lat' dir='ltr'>treis</span> <span class='ocrx_word' id='word_1_66' title='bbox 1821 683 1889 709; x_wconf 91' lang='lat' dir='ltr'>un-</span> 
     </span>
     <span class='ocr_line' id='line_1_9' title="bbox 432 727 1890 785; baseline -0.004 -12"><span class='ocrx_word' id='word_1_67' title='bbox 432 735 511 773; x_wconf 85' lang='lat' dir='ltr'>cias</span> <span class='ocrx_word' id='word_1_68' title='bbox 535 734 572 771; x_wconf 78' lang='grc'>8(</span> <span class='ocrx_word' id='word_1_69' title='bbox 593 732 759 785; x_wconf 83' lang='lat' dir='ltr'>amplius</span> <span class='ocrx_word' id='word_1_70' title='bbox 780 731 873 770; x_wconf 89' lang='lat' dir='ltr'>Luti</span> <span class='ocrx_word' id='word_1_71' title='bbox 895 729 1107 770; x_wconf 77' lang='lat' dir='ltr'>tenuissimi</span> <span class='ocrx_word' id='word_1_72' title='bbox 1138 729 1175 767; x_wconf 79' lang='lat'>8&lt;</span> <span class='ocrx_word' id='word_1_73' title='bbox 1206 729 1326 782; x_wconf 85' lang='lat' dir='ltr'>probe</span> <span class='ocrx_word' id='word_1_74' title='bbox 1361 727 1543 769; x_wconf 79' lang='lat' dir='ltr'>exsiccati</span> <span class='ocrx_word' id='word_1_75' title='bbox 1575 729 1800 768; x_wconf 82' lang='lat' dir='ltr'>invenimus</span> <span class='ocrx_word' id='word_1_76' title='bbox 1832 742 1890 767; x_wconf 91' lang='lat' dir='ltr'>re-</span> 
     </span>
     <span class='ocr_line' id='line_1_10' title="bbox 430 786 1887 841; baseline -0.003 -11"><span class='ocrx_word' id='word_1_77' title='bbox 430 789 631 840; x_wconf 79' lang='lat' dir='ltr'>mansisse,</span> <span class='ocrx_word' id='word_1_78' title='bbox 662 791 699 828; x_wconf 79' lang='grc' dir='ltr'>ὃ(</span> <span class='ocrx_word' id='word_1_79' title='bbox 721 800 856 828; x_wconf 87' lang='lat' dir='ltr'>tamen</span> <span class='ocrx_word' id='word_1_80' title='bbox 888 801 1006 841; x_wconf 88' lang='lat' dir='ltr'>quam</span> <span class='ocrx_word' id='word_1_81' title='bbox 1029 786 1230 826; x_wconf 81' lang='lat' dir='ltr'>sumsimus</span> <span class='ocrx_word' id='word_1_82' title='bbox 1252 788 1414 841; x_wconf 83' lang='lat' dir='ltr'>Aquam</span> <span class='ocrx_word' id='word_1_83' title='bbox 1434 816 1445 837; x_wconf 86' lang='lat'>,</span> <span class='ocrx_word' id='word_1_84' title='bbox 1476 800 1553 826; x_wconf 91' lang='lat' dir='ltr'>non</span> <span class='ocrx_word' id='word_1_85' title='bbox 1576 787 1615 826; x_wconf 89' lang='lat' dir='ltr'>in</span> <span class='ocrx_word' id='word_1_86' title='bbox 1636 786 1767 826; x_wconf 88' lang='lat' dir='ltr'>medio</span> <span class='ocrx_word' id='word_1_87' title='bbox 1789 787 1887 826; x_wconf 89' lang='lat' dir='ltr'>Cur·</span> 
     </span>
     <span class='ocr_line' id='line_1_11' title="bbox 431 844 1890 899; baseline -0.004 -11"><span class='ocrx_word' id='word_1_88' title='bbox 431 848 475 888; x_wconf 78' lang='lat' dir='ltr'>su</span> <span class='ocrx_word' id='word_1_89' title='bbox 497 848 716 898; x_wconf 74' lang='lat' dir='ltr'>Fluminis,</span> <span class='ocrx_word' id='word_1_90' title='bbox 746 860 871 899; x_wconf 90' lang='lat' dir='ltr'>neque</span> <span class='ocrx_word' id='word_1_91' title='bbox 892 848 932 884; x_wconf 91' lang='lat' dir='ltr'>in</span> <span class='ocrx_word' id='word_1_92' title='bbox 954 846 1043 885; x_wconf 42' lang='lat' dir='ltr'>loco*</span> <span class='ocrx_word' id='word_1_93' title='bbox 1061 844 1139 897; x_wconf 87' lang='lat' dir='ltr'>ejus</span> <span class='ocrx_word' id='word_1_94' title='bbox 1159 844 1405 898; x_wconf 85' lang='lat' dir='ltr'>profundiori</span> <span class='ocrx_word' id='word_1_95' title='bbox 1426 873 1439 895; x_wconf 83' lang='lat'>,</span> <span class='ocrx_word' id='word_1_96' title='bbox 1469 844 1535 883; x_wconf 83' lang='lat' dir='ltr'>sed.</span> <span class='ocrx_word' id='word_1_97' title='bbox 1555 856 1669 884; x_wconf 82' lang='lat' dir='ltr'>extra</span> <span class='ocrx_word' id='word_1_98' title='bbox 1691 845 1792 897; x_wconf 84' lang='lat' dir='ltr'>ripas</span> <span class='ocrx_word' id='word_1_99' title='bbox 1810 873 1822 893; x_wconf 78' lang='lat'>,</span> <span class='ocrx_word' id='word_1_100' title='bbox 1853 844 1890 882; x_wconf 79' lang='lat'>8&lt;</span> 
     </span>
     <span class='ocr_line' id='line_1_12' title="bbox 429 901 1892 960; baseline -0.004 -14"><span class='ocrx_word' id='word_1_101' title='bbox 429 908 473 946; x_wconf 80' lang='lat' dir='ltr'>in</span> <span class='ocrx_word' id='word_1_102' title='bbox 493 905 690 960; x_wconf 81' lang='lat' dir='ltr'>superficie</span> <span class='ocrx_word' id='word_1_103' title='bbox 712 903 913 943; x_wconf 78' lang='lat' dir='ltr'>sumsimus</span> <span class='ocrx_word' id='word_1_104' title='bbox 933 933 942 942; x_wconf 90' lang='lat'><em>.</em></span> <span class='ocrx_word' id='word_1_105' title='bbox 977 906 1111 958; x_wconf 79' lang='lat' dir='ltr'>Qiare</span> <span class='ocrx_word' id='word_1_106' title='bbox 1133 914 1245 956; x_wconf 83' lang='lat' dir='ltr'>patet</span> <span class='ocrx_word' id='word_1_107' title='bbox 1266 905 1442 953; x_wconf 73' lang='lat' dir='ltr'>Lutum,</span> <span class='ocrx_word' id='word_1_108' title='bbox 1470 901 1534 942; x_wconf 89' lang='lat' dir='ltr'>seu</span> <span class='ocrx_word' id='word_1_109' title='bbox 1554 903 1717 943; x_wconf 84' lang='lat' dir='ltr'>Limum</span> <span class='ocrx_word' id='word_1_110' title='bbox 1738 903 1779 941; x_wconf 86' lang='lat' dir='ltr'>in</span> <span class='ocrx_word' id='word_1_111' title='bbox 1800 901 1892 941; x_wconf 92' lang='lat' dir='ltr'>Flu-</span> 
     </span>
     <span class='ocr_line' id='line_1_13' title="bbox 430 959 1889 1014; baseline -0.003 -10"><span class='ocrx_word' id='word_1_112' title='bbox 430 965 540 1005; x_wconf 86' lang='lat' dir='ltr'>mine</span> <span class='ocrx_word' id='word_1_113' title='bbox 563 963 689 1004; x_wconf 89' lang='lat' dir='ltr'>nostro</span> <span class='ocrx_word' id='word_1_114' title='bbox 721 962 792 1003; x_wconf 82' lang='lat' dir='ltr'>effe</span> <span class='ocrx_word' id='word_1_115' title='bbox 815 961 864 1001; x_wconf 85' lang='lat' dir='ltr'>ad</span> <span class='ocrx_word' id='word_1_116' title='bbox 884 960 962 1009; x_wconf 87' lang='lat' dir='ltr'>ejus</span> <span class='ocrx_word' id='word_1_117' title='bbox 984 962 1147 1014; x_wconf 85' lang='lat' dir='ltr'>Aquam</span> <span class='ocrx_word' id='word_1_118' title='bbox 1167 959 1215 1000; x_wconf 86' lang='lat' dir='ltr'>ad</span> <span class='ocrx_word' id='word_1_119' title='bbox 1235 961 1363 1000; x_wconf 88' lang='lat' dir='ltr'>minus</span> <span class='ocrx_word' id='word_1_120' title='bbox 1382 990 1395 1012; x_wconf 84' lang='lat'>‚</span> <span class='ocrx_word' id='word_1_121' title='bbox 1425 972 1467 1000; x_wconf 88' lang='lat' dir='ltr'>ut</span> <span class='ocrx_word' id='word_1_122' title='bbox 1494 971 1524 1000; x_wconf 90' lang='grc' dir='ltr'>Ι.</span> <span class='ocrx_word' id='word_1_123' title='bbox 1545 960 1592 1000; x_wconf 85' lang='lat' dir='ltr'>ad</span> <span class='ocrx_word' id='word_1_124' title='bbox 1618 971 1752 1000; x_wconf 85' lang='lat' dir='ltr'>XVII.</span> <span class='ocrx_word' id='word_1_125' title='bbox 1786 960 1889 1000; x_wconf 85' lang='lat' dir='ltr'>Dixi</span> 
     </span>
     <span class='ocr_line' id='line_1_14' title="bbox 430 1017 1889 1072; baseline -0.003 -10"><span class='ocrx_word' id='word_1_126' title='bbox 430 1022 480 1062; x_wconf 85' lang='lat' dir='ltr'>ad</span> <span class='ocrx_word' id='word_1_127' title='bbox 502 1023 629 1061; x_wconf 84' lang='lat' dir='ltr'>minus</span> <span class='ocrx_word' id='word_1_128' title='bbox 651 1050 663 1071; x_wconf 80' lang='lat'>,</span> <span class='ocrx_word' id='word_1_129' title='bbox 695 1034 788 1059; x_wconf 81' lang='lat' dir='ltr'>nam</span> <span class='ocrx_word' id='word_1_130' title='bbox 809 1020 835 1058; x_wconf 88' lang='lat' dir='ltr'><strong>fi</strong></span> <span class='ocrx_word' id='word_1_131' title='bbox 858 1020 973 1072; x_wconf 82' lang='lat' dir='ltr'>Aqua</span> <span class='ocrx_word' id='word_1_132' title='bbox 995 1017 1212 1058; x_wconf 86' lang='lat' dir='ltr'>sumeretur</span> <span class='ocrx_word' id='word_1_133' title='bbox 1243 1019 1284 1058; x_wconf 88' lang='lat' dir='ltr'>in</span> <span class='ocrx_word' id='word_1_134' title='bbox 1305 1018 1421 1072; x_wconf 89' lang='lat' dir='ltr'>pleno</span> <span class='ocrx_word' id='word_1_135' title='bbox 1444 1018 1571 1059; x_wconf 89' lang='lat' dir='ltr'>Cursu</span> <span class='ocrx_word' id='word_1_136' title='bbox 1594 1018 1787 1058; x_wconf 89' lang='lat' dir='ltr'>Fluminis</span> <span class='ocrx_word' id='word_1_137' title='bbox 1807 1048 1819 1067; x_wconf 83' lang='lat'>,</span> <span class='ocrx_word' id='word_1_138' title='bbox 1851 1019 1889 1058; x_wconf 83' lang='lat'>8&lt;</span> 
     </span>
     <span class='ocr_line' id='line_1_15' title="bbox 430 1075 1888 1135; baseline -0.003 -15"><span class='ocrx_word' id='word_1_139' title='bbox 430 1094 552 1135; x_wconf 87' lang='lat' dir='ltr'>prope</span> <span class='ocrx_word' id='word_1_140' title='bbox 584 1078 746 1118; x_wconf 87' lang='lat' dir='ltr'>fundum</span> <span class='ocrx_word' id='word_1_141' title='bbox 760 1107 777 1128; x_wconf 15' lang='lat' dir='ltr'>,A</span> <span class='ocrx_word' id='word_1_142' title='bbox 803 1076 927 1128; x_wconf 78' lang='lat' dir='ltr'>major</span> <span class='ocrx_word' id='word_1_143' title='bbox 958 1076 1084 1116; x_wconf 79' lang='lat' dir='ltr'>adhuc</span> <span class='ocrx_word' id='word_1_144' title='bbox 1108 1075 1200 1115; x_wconf 84' lang='lat' dir='ltr'>effet</span> <span class='ocrx_word' id='word_1_145' title='bbox 1221 1078 1422 1130; x_wconf 86' lang='lat' dir='ltr'>proportio</span> <span class='ocrx_word' id='word_1_146' title='bbox 1442 1107 1451 1117; x_wconf 89' lang='lat'><strong>.</strong></span> <span class='ocrx_word' id='word_1_147' title='bbox 1486 1077 1770 1118; x_wconf 87' lang='lat' dir='ltr'>Praetermitto</span> <span class='ocrx_word' id='word_1_148' title='bbox 1800 1076 1888 1117; x_wconf 83' lang='lat' dir='ltr'>heic</span> 
     </span>
     <span class='ocr_line' id='line_1_16' title="bbox 433 1132 1888 1190; baseline -0.002 -13"><span class='ocrx_word' id='word_1_149' title='bbox 433 1139 559 1178; x_wconf 82' lang='lat' dir='ltr'>etiam</span> <span class='ocrx_word' id='word_1_150' title='bbox 582 1136 877 1190; x_wconf 85' lang='lat' dir='ltr'>proportionem</span> <span class='ocrx_word' id='word_1_151' title='bbox 909 1147 1030 1187; x_wconf 86' lang='lat' dir='ltr'>quam</span> <span class='ocrx_word' id='word_1_152' title='bbox 1060 1132 1179 1173; x_wconf 85' lang='lat' dir='ltr'>habet</span> <span class='ocrx_word' id='word_1_153' title='bbox 1201 1134 1397 1187; x_wconf 87' lang='lat' dir='ltr'>reliquum</span> <span class='ocrx_word' id='word_1_154' title='bbox 1418 1135 1691 1175; x_wconf 88' lang='lat' dir='ltr'>Sedimentum</span> <span class='ocrx_word' id='word_1_155' title='bbox 1708 1163 1720 1184; x_wconf 82' lang='lat'>,</span> <span class='ocrx_word' id='word_1_156' title='bbox 1752 1135 1888 1174; x_wconf 82' lang='lat' dir='ltr'>Areua</span> 
     </span>
     <span class='ocr_line' id='line_1_17' title="bbox 432 1189 1889 1244; baseline -0.003 -10"><span class='ocrx_word' id='word_1_157' title='bbox 432 1195 579 1235; x_wconf 82' lang='lat' dir='ltr'>scilieet</span> <span class='ocrx_word' id='word_1_158' title='bbox 599 1195 636 1233; x_wconf 78' lang='lat'>8&lt;</span> <span class='ocrx_word' id='word_1_159' title='bbox 658 1194 804 1233; x_wconf 79' lang='lat' dir='ltr'>Glarea</span> <span class='ocrx_word' id='word_1_160' title='bbox 825 1194 1005 1244; x_wconf 76' lang='lat' dir='ltr'>Saxaque</span> <span class='ocrx_word' id='word_1_161' title='bbox 1028 1189 1108 1244; x_wconf 82' lang='lat' dir='ltr'>ipsa</span> <span class='ocrx_word' id='word_1_162' title='bbox 1139 1204 1229 1229; x_wconf 86' lang='lat' dir='ltr'>cum</span> <span class='ocrx_word' id='word_1_163' title='bbox 1259 1193 1377 1244; x_wconf 83' lang='lat' dir='ltr'>Aqua</span> <span class='ocrx_word' id='word_1_164' title='bbox 1398 1220 1410 1241; x_wconf 84' lang='lat'>,</span> <span class='ocrx_word' id='word_1_165' title='bbox 1440 1205 1534 1230; x_wconf 83' lang='lat' dir='ltr'>narn</span> <span class='ocrx_word' id='word_1_166' title='bbox 1565 1192 1728 1230; x_wconf 83' lang='lat' dir='ltr'>Fluvius</span> <span class='ocrx_word' id='word_1_167' title='bbox 1760 1190 1889 1231; x_wconf 91' lang='lat' dir='ltr'>noster</span> 
     </span>
     <span class='ocr_line' id='line_1_18' title="bbox 432 1247 1890 1304; baseline -0.002 -12"><span class='ocrx_word' id='word_1_168' title='bbox 432 1267 512 1293; x_wconf 87' lang='lat' dir='ltr'>non</span> <span class='ocrx_word' id='word_1_169' title='bbox 532 1254 682 1291; x_wconf 90' lang='lat' dir='ltr'>Lutum</span> <span class='ocrx_word' id='word_1_170' title='bbox 707 1263 884 1299; x_wconf 86' lang='lat' dir='ltr'>tantum,</span> <span class='ocrx_word' id='word_1_171' title='bbox 904 1248 969 1288; x_wconf 87' lang='lat' dir='ltr'>seu</span> <span class='ocrx_word' id='word_1_172' title='bbox 988 1249 1149 1287; x_wconf 87' lang='lat' dir='ltr'>Limum</span> <span class='ocrx_word' id='word_1_173' title='bbox 1171 1248 1356 1299; x_wconf 81' lang='lat' dir='ltr'>advehit,</span> <span class='ocrx_word' id='word_1_174' title='bbox 1387 1247 1452 1288; x_wconf 90' lang='lat' dir='ltr'>sed</span> <span class='ocrx_word' id='word_1_175' title='bbox 1473 1250 1625 1288; x_wconf 86' lang='lat' dir='ltr'>Arenas</span> <span class='ocrx_word' id='word_1_176' title='bbox 1646 1249 1890 1304; x_wconf 84' lang='lat' dir='ltr'>Glareasque</span> 
     </span>
     <span class='ocr_line' id='line_1_19' title="bbox 432 1305 1894 1361; baseline -0.003 -10"><span class='ocrx_word' id='word_1_177' title='bbox 432 1311 579 1352; x_wconf 85' lang='lat' dir='ltr'>multas</span> <span class='ocrx_word' id='word_1_178' title='bbox 609 1322 686 1348; x_wconf 80' lang='lat' dir='ltr'>una</span> <span class='ocrx_word' id='word_1_179' title='bbox 712 1322 803 1347; x_wconf 83' lang='lat' dir='ltr'>cuni</span> <span class='ocrx_word' id='word_1_180' title='bbox 823 1306 1033 1360; x_wconf 70' lang='lat' dir='ltr'>majoribus</span> <span class='ocrx_word' id='word_1_181' title='bbox 1053 1305 1153 1346; x_wconf 82' lang='lat' dir='ltr'>saxis</span> <span class='ocrx_word' id='word_1_182' title='bbox 1173 1336 1186 1357; x_wconf 87' lang='lat'>,</span> <span class='ocrx_word' id='word_1_183' title='bbox 1216 1320 1317 1360; x_wconf 85' lang='lat' dir='ltr'>quae</span> <span class='ocrx_word' id='word_1_184' title='bbox 1337 1336 1350 1357; x_wconf 86' lang='lat'>,</span> <span class='ocrx_word' id='word_1_185' title='bbox 1381 1318 1424 1347; x_wconf 93' lang='lat' dir='ltr'>ut</span> <span class='ocrx_word' id='word_1_186' title='bbox 1445 1317 1556 1361; x_wconf 87' lang='lat' dir='ltr'>patet</span> <span class='ocrx_word' id='word_1_187' title='bbox 1590 1321 1641 1348; x_wconf 80' lang='lat' dir='ltr'>ex</span> <span class='ocrx_word' id='word_1_188' title='bbox 1664 1306 1894 1348; x_wconf 88' lang='lat' dir='ltr'>Sedimento</span> 
     </span>
     <span class='ocr_line' id='line_1_20' title="bbox 432 1364 1890 1424; baseline -0.002 -16"><span class='ocrx_word' id='word_1_189' title='bbox 432 1370 573 1424; x_wconf 84' lang='lat' dir='ltr'>prioris</span> <span class='ocrx_word' id='word_1_190' title='bbox 604 1367 654 1407; x_wconf 83' lang='lat' dir='ltr'>ad</span> <span class='ocrx_word' id='word_1_191' title='bbox 674 1367 882 1407; x_wconf 79' lang='lat' dir='ltr'>dexteram</span> <span class='ocrx_word' id='word_1_192' title='bbox 904 1394 916 1415; x_wconf 86' lang='lat'>,</span> <span class='ocrx_word' id='word_1_193' title='bbox 947 1365 984 1403; x_wconf 88' lang='lat'>&amp;</span> <span class='ocrx_word' id='word_1_194' title='bbox 1004 1379 1054 1405; x_wconf 78' lang='lat' dir='ltr'>ex</span> <span class='ocrx_word' id='word_1_195' title='bbox 1076 1377 1218 1418; x_wconf 77' lang='lat' dir='ltr'>aggere</span> <span class='ocrx_word' id='word_1_196' title='bbox 1241 1365 1308 1404; x_wconf 90' lang='lat' dir='ltr'>illo</span> <span class='ocrx_word' id='word_1_197' title='bbox 1330 1378 1477 1420; x_wconf 78' lang='lat' dir='ltr'>magno</span> <span class='ocrx_word' id='word_1_198' title='bbox 1496 1364 1715 1420; x_wconf 86' lang='lat' dir='ltr'>posterioris</span> <span class='ocrx_word' id='word_1_199' title='bbox 1737 1364 1785 1406; x_wconf 88' lang='lat' dir='ltr'>ad</span> <span class='ocrx_word' id='word_1_200' title='bbox 1804 1365 1890 1405; x_wconf 87' lang='lat' dir='ltr'>fini-</span> 
     </span>
     <span class='ocr_line' id='line_1_21' title="bbox 432 1421 1893 1476; baseline -0.003 -9"><span class='ocrx_word' id='word_1_201' title='bbox 432 1427 553 1467; x_wconf 81' lang='lat' dir='ltr'>stram</span> <span class='ocrx_word' id='word_1_202' title='bbox 576 1455 587 1475; x_wconf 88' lang='lat'>,</span> <span class='ocrx_word' id='word_1_203' title='bbox 618 1426 840 1465; x_wconf 78' lang='lat' dir='ltr'>maximam</span> <span class='ocrx_word' id='word_1_204' title='bbox 873 1422 1034 1475; x_wconf 82' lang='lat' dir='ltr'>quisque</span> <span class='ocrx_word' id='word_1_205' title='bbox 1065 1421 1255 1461; x_wconf 84' lang='lat' dir='ltr'>fatebitur</span> <span class='ocrx_word' id='word_1_206' title='bbox 1290 1424 1586 1476; x_wconf 87' lang='lat' dir='ltr'>proportionem</span> <span class='ocrx_word' id='word_1_207' title='bbox 1618 1423 1893 1464; x_wconf 88' lang='lat' dir='ltr'>Sedimentum</span> 
     </span>
     <span class='ocr_line' id='line_1_22' title="bbox 434 1479 1890 1533; baseline -0.002 -9"><span class='ocrx_word' id='word_1_208' title='bbox 434 1481 659 1524; x_wconf 85' lang='lat' dir='ltr'>universum</span> <span class='ocrx_word' id='word_1_209' title='bbox 691 1494 782 1521; x_wconf 89' lang='lat' dir='ltr'>cum</span> <span class='ocrx_word' id='word_1_210' title='bbox 814 1481 932 1533; x_wconf 80' lang='lat' dir='ltr'>Aqua</span> <span class='ocrx_word' id='word_1_211' title='bbox 961 1479 1107 1519; x_wconf 87' lang='lat' dir='ltr'>habere</span> <span class='ocrx_word' id='word_1_212' title='bbox 1128 1508 1138 1517; x_wconf 89' lang='lat'><strong>.</strong></span> <span class='ocrx_word' id='word_1_213' title='bbox 1173 1479 1289 1518; x_wconf 87' lang='lat' dir='ltr'>Addo</span> <span class='ocrx_word' id='word_1_214' title='bbox 1318 1480 1406 1521; x_wconf 84' lang='lat' dir='ltr'>heic</span> <span class='ocrx_word' id='word_1_215' title='bbox 1438 1493 1597 1523; x_wconf 88' lang='lat' dir='ltr'>tantum</span> <span class='ocrx_word' id='word_1_216' title='bbox 1616 1482 1890 1522; x_wconf 87' lang='lat' dir='ltr'>Sedimentum</span> 
     </span>
     <span class='ocr_line' id='line_1_23' title="bbox 432 1536 1894 1596; baseline -0.001 -15"><span class='ocrx_word' id='word_1_217' title='bbox 432 1543 597 1596; x_wconf 75' lang='lat' dir='ltr'>vulgare</span> <span class='ocrx_word' id='word_1_218' title='bbox 631 1539 695 1580; x_wconf 89' lang='lat' dir='ltr'>seu</span> <span class='ocrx_word' id='word_1_219' title='bbox 716 1537 918 1578; x_wconf 88' lang='lat' dir='ltr'>Limosum</span> <span class='ocrx_word' id='word_1_220' title='bbox 940 1536 1058 1577; x_wconf 87' lang='lat' dir='ltr'>nostri</span> <span class='ocrx_word' id='word_1_221' title='bbox 1079 1537 1273 1577; x_wconf 82' lang='lat' dir='ltr'>Fluminis</span> <span class='ocrx_word' id='word_1_222' title='bbox 1292 1541 1545 1591; x_wconf 86' lang='lat' dir='ltr'>proportione</span> <span class='ocrx_word' id='word_1_223' title='bbox 1567 1541 1779 1580; x_wconf 80' lang='lat' dir='ltr'>convenire</span> <span class='ocrx_word' id='word_1_224' title='bbox 1802 1553 1894 1579; x_wconf 90' lang='lat' dir='ltr'>cum</span> 
     </span>
     <span class='ocr_line' id='line_1_24' title="bbox 432 1594 1894 1651; baseline -0.002 -12"><span class='ocrx_word' id='word_1_225' title='bbox 432 1598 787 1645; x_wconf 21' lang='lat' dir='ltr'>ledimentovNai-is</span> <span class='ocrx_word' id='word_1_226' title='bbox 801 1626 812 1647; x_wconf 79' lang='lat'>,</span> <span class='ocrx_word' id='word_1_227' title='bbox 831 1595 934 1650; x_wconf 88' lang='lat' dir='ltr'>quod</span> <span class='ocrx_word' id='word_1_228' title='bbox 955 1610 1005 1635; x_wconf 84' lang='lat' dir='ltr'>ex</span> <span class='ocrx_word' id='word_1_229' title='bbox 1028 1594 1362 1635; x_wconf 87' lang='lat' dir='ltr'>observationibus</span> <span class='ocrx_word' id='word_1_230' title='bbox 1376 1597 1574 1650; x_wconf 86' lang='lat' dir='ltr'>Onuphrii</span> <span class='ocrx_word' id='word_1_231' title='bbox 1588 1597 1749 1638; x_wconf 85' lang='lat' dir='ltr'>Castelli</span> <span class='ocrx_word' id='word_1_232' title='bbox 1772 1597 1894 1651; x_wconf 86' lang='lat' dir='ltr'>(quas</span> 
     </span>
     <span class='ocr_line' id='line_1_25' title="bbox 432 1651 1894 1709; baseline -0.003 -11"><span class='ocrx_word' id='word_1_233' title='bbox 432 1670 569 1698; x_wconf 81' lang='lat' dir='ltr'>tamen</span> <span class='ocrx_word' id='word_1_234' title='bbox 591 1653 850 1696; x_wconf 86' lang='lat' dir='ltr'>Bononienses</span> <span class='ocrx_word' id='word_1_235' title='bbox 870 1653 996 1694; x_wconf 83' lang='lat' dir='ltr'>rudeis</span> <span class='ocrx_word' id='word_1_236' title='bbox 1017 1653 1218 1707; x_wconf 87' lang='lat' dir='ltr'>appellant</span> <span class='ocrx_word' id='word_1_237' title='bbox 1240 1651 1255 1704; x_wconf 87' lang='lat'><em>)</em></span> <span class='ocrx_word' id='word_1_238' title='bbox 1286 1652 1339 1694; x_wconf 92' lang='lat' dir='ltr'>est</span> <span class='ocrx_word' id='word_1_239' title='bbox 1359 1667 1448 1708; x_wconf 83' lang='lat' dir='ltr'>pars</span> <span class='ocrx_word' id='word_1_240' title='bbox 1467 1654 1733 1696; x_wconf 79' lang='lat' dir='ltr'>decimasexta</span> <span class='ocrx_word' id='word_1_241' title='bbox 1754 1667 1767 1706; x_wconf 80' lang='lat'><em>3</em></span> <span class='ocrx_word' id='word_1_242' title='bbox 1801 1669 1894 1709; x_wconf 80' lang='lat' dir='ltr'>qua-</span> 
     </span>
     <span class='ocr_line' id='line_1_26' title="bbox 432 1710 1891 1764; baseline -0.004 -7"><span class='ocrx_word' id='word_1_243' title='bbox 432 1730 474 1757; x_wconf 84' lang='lat' dir='ltr'>re</span> <span class='ocrx_word' id='word_1_244' title='bbox 496 1716 626 1756; x_wconf 79' lang='lat' dir='ltr'>variat</span> <span class='ocrx_word' id='word_1_245' title='bbox 648 1714 819 1753; x_wconf 89' lang='lat' dir='ltr'>multum</span> <span class='ocrx_word' id='word_1_246' title='bbox 851 1726 874 1752; x_wconf 82' lang='lat' dir='ltr'>a</span> <span class='ocrx_word' id='word_1_247' title='bbox 904 1711 1131 1753; x_wconf 88' lang='lat' dir='ltr'>Sedimento</span> <span class='ocrx_word' id='word_1_248' title='bbox 1162 1712 1261 1752; x_wconf 89' lang='lat' dir='ltr'>item</span> <span class='ocrx_word' id='word_1_249' title='bbox 1281 1710 1419 1752; x_wconf 89' lang='lat' dir='ltr'>limoso</span> <span class='ocrx_word' id='word_1_250' title='bbox 1450 1713 1583 1752; x_wconf 83' lang='lat' dir='ltr'>Rheni</span> <span class='ocrx_word' id='word_1_251' title='bbox 1606 1713 1854 1753; x_wconf 78' lang='lat' dir='ltr'>Bononiensis</span> <span class='ocrx_word' id='word_1_252' title='bbox 1878 1725 1891 1764; x_wconf 88' lang='lat'>;</span> 
     </span>
     <span class='ocr_line' id='line_1_27' title="bbox 432 1768 1895 1821; baseline -0.001 -8"><span class='ocrx_word' id='word_1_253' title='bbox 432 1788 525 1814; x_wconf 80' lang='lat' dir='ltr'>nam</span> <span class='ocrx_word' id='word_1_254' title='bbox 548 1773 606 1813; x_wconf 91' lang='lat' dir='ltr'>uti</span> <span class='ocrx_word' id='word_1_255' title='bbox 627 1771 855 1812; x_wconf 89' lang='lat' dir='ltr'>solemniter</span> <span class='ocrx_word' id='word_1_256' title='bbox 874 1769 1130 1810; x_wconf 77' lang='lat' dir='ltr'>observarunt</span> <span class='ocrx_word' id='word_1_257' title='bbox 1150 1768 1226 1821; x_wconf 75' lang='lat' dir='ltr'>(a)</span> <span class='ocrx_word' id='word_1_258' title='bbox 1245 1781 1336 1808; x_wconf 85' lang='lat' dir='ltr'>ante</span> <span class='ocrx_word' id='word_1_259' title='bbox 1357 1769 1463 1809; x_wconf 90' lang='lat' dir='ltr'>diem</span> <span class='ocrx_word' id='word_1_260' title='bbox 1485 1769 1573 1811; x_wconf 76' lang='grc' dir='ltr'>ΠΠ.</span> <span class='ocrx_word' id='word_1_261' title='bbox 1597 1770 1795 1811; x_wconf 86' lang='lat' dir='ltr'>Calendas</span> <span class='ocrx_word' id='word_1_262' title='bbox 1819 1772 1895 1811; x_wconf 89' lang='lat' dir='ltr'>Fe-</span> 
     </span>
     <span class='ocr_line' id='line_1_28' title="bbox 432 1826 1894 1881; baseline -0.002 -10"><span class='ocrx_word' id='word_1_263' title='bbox 432 1831 609 1871; x_wconf 78' lang='lat' dir='ltr'>bruarias</span> <span class='ocrx_word' id='word_1_264' title='bbox 631 1843 733 1870; x_wconf 88' lang='lat' dir='ltr'>anno</span> <span class='ocrx_word' id='word_1_265' title='bbox 757 1837 1075 1868; x_wconf 67' lang='lat' dir='ltr'>CIDIDCCXX.r</span> <span class='ocrx_word' id='word_1_266' title='bbox 1093 1828 1241 1865; x_wconf 88' lang='lat' dir='ltr'>Lutum</span> <span class='ocrx_word' id='word_1_267' title='bbox 1261 1826 1396 1866; x_wconf 83' lang='lat' dir='ltr'>Rheni</span> <span class='ocrx_word' id='word_1_268' title='bbox 1408 1828 1655 1869; x_wconf 75' lang='lat' dir='ltr'>Bononiensis</span> <span class='ocrx_word' id='word_1_269' title='bbox 1675 1828 1727 1869; x_wconf 89' lang='lat' dir='ltr'>est</span> <span class='ocrx_word' id='word_1_270' title='bbox 1747 1828 1795 1869; x_wconf 85' lang='lat' dir='ltr'>ad</span> <span class='ocrx_word' id='word_1_271' title='bbox 1816 1828 1894 1881; x_wconf 82' lang='lat' dir='ltr'>ejus</span> 
     </span>
     <span class='ocr_line' id='line_1_29' title="bbox 433 1881 1892 1943; baseline -0.003 -14"><span class='ocrx_word' id='word_1_272' title='bbox 433 1891 620 1943; x_wconf 79' lang='lat' dir='ltr'>Aquam,</span> <span class='ocrx_word' id='word_1_273' title='bbox 652 1898 694 1927; x_wconf 92' lang='lat' dir='ltr'>ut</span> <span class='ocrx_word' id='word_1_274' title='bbox 720 1897 751 1926; x_wconf 89' lang='lat'>1.</span> <span class='ocrx_word' id='word_1_275' title='bbox 773 1885 821 1924; x_wconf 86' lang='lat' dir='ltr'>ad</span> <span class='ocrx_word' id='word_1_276' title='bbox 846 1895 1039 1924; x_wconf 80' lang='lat' dir='ltr'>CLXXV.</span> <span class='ocrx_word' id='word_1_277' title='bbox 1063 1883 1189 1923; x_wconf 88' lang='lat' dir='ltr'>decies</span> <span class='ocrx_word' id='word_1_278' title='bbox 1208 1881 1353 1923; x_wconf 85' lang='lat' dir='ltr'>scilicet</span> <span class='ocrx_word' id='word_1_279' title='bbox 1376 1885 1504 1924; x_wconf 88' lang='lat' dir='ltr'>minus</span> <span class='ocrx_word' id='word_1_280' title='bbox 1524 1886 1561 1924; x_wconf 79' lang='lat'>8&lt;</span> <span class='ocrx_word' id='word_1_281' title='bbox 1581 1886 1748 1940; x_wconf 86' lang='lat' dir='ltr'>amplius</span> <span class='ocrx_word' id='word_1_282' title='bbox 1770 1900 1892 1940; x_wconf 81' lang='lat' dir='ltr'>quam</span> 
     </span>
     <span class='ocr_line' id='line_1_30' title="bbox 431 1940 1894 1996; baseline -0.003 -9"><span class='ocrx_word' id='word_1_283' title='bbox 431 1947 606 1987; x_wconf 81' lang='lat' dir='ltr'>nostrum</span> <span class='ocrx_word' id='word_1_284' title='bbox 629 1943 825 1993; x_wconf 85' lang='lat' dir='ltr'>&amp;Natis;</span> <span class='ocrx_word' id='word_1_285' title='bbox 849 1941 952 1996; x_wconf 86' lang='lat' dir='ltr'>quod</span> <span class='ocrx_word' id='word_1_286' title='bbox 966 1941 1136 1981; x_wconf 88' lang='lat' dir='ltr'>multum</span> <span class='ocrx_word' id='word_1_287' title='bbox 1148 1940 1262 1981; x_wconf 84' lang='lat' dir='ltr'>valde</span> <span class='ocrx_word' id='word_1_288' title='bbox 1285 1940 1336 1981; x_wconf 90' lang='lat' dir='ltr'>est</span> <span class='ocrx_word' id='word_1_289' title='bbox 1352 1971 1365 1980; x_wconf 77' lang='lat'><em>.</em></span> <span class='ocrx_word' id='word_1_290' title='bbox 1386 1943 1440 1982; x_wconf 86' lang='lat' dir='ltr'>Et</span> <span class='ocrx_word' id='word_1_291' title='bbox 1452 1943 1613 1996; x_wconf 90' lang='lat' dir='ltr'>quidem</span> <span class='ocrx_word' id='word_1_292' title='bbox 1624 1944 1752 1985; x_wconf 85' lang='lat' dir='ltr'>fateor</span> <span class='ocrx_word' id='word_1_293' title='bbox 1774 1945 1798 1984; x_wconf 89' lang='lat' dir='ltr'>si</span> <span class='ocrx_word' id='word_1_294' title='bbox 1814 1945 1894 1984; x_wconf 89' lang='lat' dir='ltr'>Ob-</span> 
     </span>
     <span class='ocr_line' id='line_1_31' title="bbox 437 1998 1891 2053; baseline -0.001 -10"><span class='ocrx_word' id='word_1_295' title='bbox 437 2004 680 2045; x_wconf 74' lang='lat' dir='ltr'>servationes</span> <span class='ocrx_word' id='word_1_296' title='bbox 701 2002 792 2042; x_wconf 81' lang='lat' dir='ltr'>illae</span> <span class='ocrx_word' id='word_1_297' title='bbox 814 2014 884 2053; x_wconf 90' lang='lat' dir='ltr'>pro</span> <span class='ocrx_word' id='word_1_298' title='bbox 897 1998 1197 2039; x_wconf 74' lang='lat' dir='ltr'>Bononiensibus</span> <span class='ocrx_word' id='word_1_299' title='bbox 1218 2012 1295 2038; x_wconf 88' lang='lat' dir='ltr'>non</span> <span class='ocrx_word' id='word_1_300' title='bbox 1317 2011 1404 2040; x_wconf 83' lang='lat' dir='ltr'>tam</span> <span class='ocrx_word' id='word_1_301' title='bbox 1423 1999 1650 2042; x_wconf 86' lang='lat' dir='ltr'>solemniter</span> <span class='ocrx_word' id='word_1_302' title='bbox 1661 2001 1815 2042; x_wconf 79' lang='lat' dir='ltr'>fuissent</span> <span class='ocrx_word' id='word_1_303' title='bbox 1835 2003 1891 2041; x_wconf 89' lang='lat' dir='ltr'>in—</span> 
     </span>
     <span class='ocr_line' id='line_1_32' title="bbox 436 2055 1892 2115; baseline -0.001 -13"><span class='ocrx_word' id='word_1_304' title='bbox 436 2062 593 2102; x_wconf 80' lang='lat' dir='ltr'>stitutae</span> <span class='ocrx_word' id='word_1_305' title='bbox 606 2091 617 2111; x_wconf 76' lang='lat'>,</span> <span class='ocrx_word' id='word_1_306' title='bbox 638 2059 851 2114; x_wconf 87' lang='lat' dir='ltr'>suspicarer</span> <span class='ocrx_word' id='word_1_307' title='bbox 869 2057 1017 2112; x_wconf 89' lang='lat' dir='ltr'>aliquid</span> <span class='ocrx_word' id='word_1_308' title='bbox 1038 2055 1187 2096; x_wconf 87' lang='lat' dir='ltr'>subdoli</span> <span class='ocrx_word' id='word_1_309' title='bbox 1205 2057 1246 2096; x_wconf 86' lang='lat' dir='ltr'>in</span> <span class='ocrx_word' id='word_1_310' title='bbox 1266 2057 1341 2097; x_wconf 83' lang='lat' dir='ltr'>illis</span> <span class='ocrx_word' id='word_1_311' title='bbox 1361 2058 1520 2110; x_wconf 59' lang='lat' dir='ltr'>latere,</span> <span class='ocrx_word' id='word_1_312' title='bbox 1539 2059 1642 2115; x_wconf 90' lang='lat' dir='ltr'>quod</span> <span class='ocrx_word' id='word_1_313' title='bbox 1673 2074 1696 2100; x_wconf 82' lang='lat' dir='ltr'>a</span> <span class='ocrx_word' id='word_1_314' title='bbox 1716 2061 1892 2115; x_wconf 84' lang='lat' dir='ltr'>partium</span> 
     </span>
     <span class='ocr_line' id='line_1_33' title="bbox 434 2114 1893 2172; baseline -0.003 -13"><span class='ocrx_word' id='word_1_315' title='bbox 434 2119 556 2160; x_wconf 83' lang='lat' dir='ltr'>studio</span> <span class='ocrx_word' id='word_1_316' title='bbox 579 2118 671 2159; x_wconf 82' lang='lat' dir='ltr'>effet</span> <span class='ocrx_word' id='word_1_317' title='bbox 691 2114 934 2172; x_wconf 62' lang='lat' dir='ltr'>profefflum,</span> <span class='ocrx_word' id='word_1_318' title='bbox 955 2114 1106 2170; x_wconf 86' lang='lat' dir='ltr'>&amp;quod</span> <span class='ocrx_word' id='word_1_319' title='bbox 1128 2115 1184 2156; x_wconf 89' lang='lat' dir='ltr'>rei</span> <span class='ocrx_word' id='word_1_320' title='bbox 1205 2128 1324 2169; x_wconf 79' lang='lat' dir='ltr'>quam</span> <span class='ocrx_word' id='word_1_321' title='bbox 1346 2118 1538 2171; x_wconf 81' lang='lat' dir='ltr'>parabant</span> <span class='ocrx_word' id='word_1_322' title='bbox 1560 2118 1818 2159; x_wconf 85' lang='lat' dir='ltr'>Bononienses</span> <span class='ocrx_word' id='word_1_323' title='bbox 1838 2118 1893 2158; x_wconf 62' lang='lat' dir='ltr'>fa,-</span> 
     </span>
     <span class='ocr_line' id='line_1_34' title="bbox 432 2174 1890 2228; baseline -0.002 -9"><span class='ocrx_word' id='word_1_324' title='bbox 432 2189 547 2219; x_wconf 89' lang='lat' dir='ltr'>veret</span> <span class='ocrx_word' id='word_1_325' title='bbox 567 2206 577 2217; x_wconf 88' lang='lat'><em>.</em></span> <span class='ocrx_word' id='word_1_326' title='bbox 611 2179 762 2217; x_wconf 85' lang='lat' dir='ltr'>Verum</span> <span class='ocrx_word' id='word_1_327' title='bbox 792 2175 853 2214; x_wconf 84' lang='lat' dir='ltr'>his</span> <span class='ocrx_word' id='word_1_328' title='bbox 873 2174 990 2214; x_wconf 79' lang='lat' dir='ltr'>missis</span> <span class='ocrx_word' id='word_1_329' title='bbox 1010 2185 1121 2228; x_wconf 88' lang='lat' dir='ltr'>patet</span> <span class='ocrx_word' id='word_1_330' title='bbox 1153 2175 1269 2214; x_wconf 79' lang='lat' dir='ltr'>Mare</span> <span class='ocrx_word' id='word_1_331' title='bbox 1291 2175 1463 2216; x_wconf 81' lang='lat' dir='ltr'>nostrum</span> <span class='ocrx_word' id='word_1_332' title='bbox 1497 2191 1547 2217; x_wconf 84' lang='lat' dir='ltr'>ex</span> <span class='ocrx_word' id='word_1_333' title='bbox 1569 2177 1705 2217; x_wconf 89' lang='lat' dir='ltr'>crebro</span> <span class='ocrx_word' id='word_1_334' title='bbox 1738 2177 1890 2218; x_wconf 73' lang='lat' dir='ltr'>affluxu</span> 
     </span>
     <span class='ocr_line' id='line_1_35' title="bbox 433 2233 1891 2289; baseline -0.002 -12"><span class='ocrx_word' id='word_1_335' title='bbox 433 2236 651 2277; x_wconf 87' lang='lat' dir='ltr'>Sedimenti</span> <span class='ocrx_word' id='word_1_336' title='bbox 682 2233 873 2274; x_wconf 84' lang='lat' dir='ltr'>terrestris</span> <span class='ocrx_word' id='word_1_337' title='bbox 904 2247 955 2273; x_wconf 86' lang='lat' dir='ltr'>ex</span> <span class='ocrx_word' id='word_1_338' title='bbox 976 2233 1222 2272; x_wconf 85' lang='lat' dir='ltr'>Fluminibus</span> <span class='ocrx_word' id='word_1_339' title='bbox 1253 2244 1337 2273; x_wconf 87' lang='lat' dir='ltr'>tam</span> <span class='ocrx_word' id='word_1_340' title='bbox 1367 2233 1517 2289; x_wconf 87' lang='lat' dir='ltr'>copiose</span> <span class='ocrx_word' id='word_1_341' title='bbox 1548 2233 1705 2275; x_wconf 71' lang='lat' dir='ltr'>adveffl</span> <span class='ocrx_word' id='word_1_342' title='bbox 1738 2236 1779 2276; x_wconf 85' lang='lat' dir='ltr'>in</span> <span class='ocrx_word' id='word_1_343' title='bbox 1811 2235 1891 2275; x_wconf 85' lang='lat' dir='ltr'>dies</span> 
     </span>
     <span class='ocr_line' id='line_1_36' title="bbox 436 2289 1895 2345; baseline -0.001 -10"><span class='ocrx_word' id='word_1_344' title='bbox 436 2295 593 2336; x_wconf 76' lang='lat' dir='ltr'>attolli.</span> <span class='ocrx_word' id='word_1_345' title='bbox 627 2295 690 2332; x_wconf 86' lang='lat' dir='ltr'>An</span> <span class='ocrx_word' id='word_1_346' title='bbox 713 2292 753 2332; x_wconf 86' lang='lat' dir='ltr'>id</span> <span class='ocrx_word' id='word_1_347' title='bbox 773 2292 894 2332; x_wconf 84' lang='lat' dir='ltr'>etiarn</span> <span class='ocrx_word' id='word_1_348' title='bbox 917 2291 1098 2342; x_wconf 83' lang='lat' dir='ltr'>eveniat,</span> <span class='ocrx_word' id='word_1_349' title='bbox 1129 2289 1233 2345; x_wconf 89' lang='lat' dir='ltr'>quod</span> <span class='ocrx_word' id='word_1_350' title='bbox 1253 2294 1387 2333; x_wconf 80' lang='lat' dir='ltr'>omnia</span> <span class='ocrx_word' id='word_1_351' title='bbox 1406 2292 1567 2344; x_wconf 77' lang='lat' dir='ltr'>sensim,</span> <span class='ocrx_word' id='word_1_352' title='bbox 1593 2305 1636 2333; x_wconf 92' lang='lat' dir='ltr'>ut</span> <span class='ocrx_word' id='word_1_353' title='bbox 1658 2292 1735 2333; x_wconf 91' lang='lat' dir='ltr'>fert</span> <span class='ocrx_word' id='word_1_354' title='bbox 1756 2294 1895 2333; x_wconf 86' lang='lat' dir='ltr'>NeW—</span> 
     </span>
     <span class='ocr_line' id='line_1_37' title="bbox 434 2349 1895 2405; baseline -0.001 -13"><span class='ocrx_word' id='word_1_355' title='bbox 434 2353 597 2392; x_wconf 80' lang='lat' dir='ltr'>toniana</span> <span class='ocrx_word' id='word_1_356' title='bbox 609 2350 811 2401; x_wconf 64' lang='lat' dir='ltr'>dofflrina,</span> <span class='ocrx_word' id='word_1_357' title='bbox 833 2349 1164 2403; x_wconf 85' lang='lat' dir='ltr'>adAequatorem</span> <span class='ocrx_word' id='word_1_358' title='bbox 1185 2352 1406 2402; x_wconf 79' lang='lat' dir='ltr'>confluant,</span> <span class='ocrx_word' id='word_1_359' title='bbox 1436 2352 1494 2391; x_wconf 87' lang='lat' dir='ltr'>uti</span> <span class='ocrx_word' id='word_1_360' title='bbox 1518 2350 1726 2405; x_wconf 85' lang='lat' dir='ltr'>suspicatus</span> <span class='ocrx_word' id='word_1_361' title='bbox 1745 2350 1798 2391; x_wconf 87' lang='lat' dir='ltr'>est</span> <span class='ocrx_word' id='word_1_362' title='bbox 1822 2352 1895 2390; x_wconf 86' lang='lat' dir='ltr'>Vir</span> 
     </span>
     <span class='ocr_line' id='line_1_38' title="bbox 434 2406 1894 2464; baseline -0.001 -14"><span class='ocrx_word' id='word_1_363' title='bbox 434 2410 606 2450; x_wconf 81' lang='lat' dir='ltr'>eximius</span> <span class='ocrx_word' id='word_1_364' title='bbox 632 2409 809 2450; x_wconf 84' lang='lat' dir='ltr'>Andreas</span> <span class='ocrx_word' id='word_1_365' title='bbox 829 2407 978 2448; x_wconf 83' lang='lat' dir='ltr'>Celsius</span> <span class='ocrx_word' id='word_1_366' title='bbox 999 2406 1232 2461; x_wconf 80' lang='lat' dir='ltr'>Vpsaliensis</span> <span class='ocrx_word' id='word_1_367' title='bbox 1251 2437 1263 2459; x_wconf 83' lang='lat'>,</span> <span class='ocrx_word' id='word_1_368' title='bbox 1294 2421 1387 2449; x_wconf 83' lang='lat' dir='ltr'>nam</span> <span class='ocrx_word' id='word_1_369' title='bbox 1407 2424 1528 2464; x_wconf 90' lang='lat' dir='ltr'>quum</span> <span class='ocrx_word' id='word_1_370' title='bbox 1551 2409 1643 2450; x_wconf 79' lang='lat' dir='ltr'>esset</span> <span class='ocrx_word' id='word_1_371' title='bbox 1677 2409 1779 2458; x_wconf 81' lang='lat' dir='ltr'>apud</span> <span class='ocrx_word' id='word_1_372' title='bbox 1804 2424 1894 2461; x_wconf 89' lang='lat' dir='ltr'>nos,</span> 
     </span>
     <span class='ocr_line' id='line_1_39' title="bbox 436 2458 1889 2524; baseline 0.001 -17"><span class='ocrx_word' id='word_1_373' title='bbox 436 2468 475 2507; x_wconf 68' lang='lat'>23&lt;</span> <span class='ocrx_word' id='word_1_374' title='bbox 498 2466 565 2522; x_wconf 87' lang='lat' dir='ltr'>ipsi</span> <span class='ocrx_word' id='word_1_375' title='bbox 586 2466 830 2508; x_wconf 85' lang='lat' dir='ltr'>ostendissem</span> <span class='ocrx_word' id='word_1_376' title='bbox 860 2480 933 2521; x_wconf 79' lang='lat' dir='ltr'>ego</span> <span class='ocrx_word' id='word_1_377' title='bbox 965 2478 1112 2507; x_wconf 83' lang='lat' dir='ltr'>eventa</span> <span class='ocrx_word' id='word_1_378' title='bbox 1131 2466 1242 2507; x_wconf 77' lang='lat' dir='ltr'>varia</span> <span class='ocrx_word' id='word_1_379' title='bbox 1271 2468 1397 2508; x_wconf 82' lang='lat' dir='ltr'>Maris</span> <span class='ocrx_word' id='word_1_380' title='bbox 1418 2467 1534 2508; x_wconf 89' lang='lat' dir='ltr'>nostri</span> <span class='ocrx_word' id='word_1_381' title='bbox 1556 2498 1568 2520; x_wconf 81' lang='lat'>,</span> <span class='ocrx_word' id='word_1_382' title='bbox 1600 2469 1637 2508; x_wconf 81' lang='lat'>8&lt;</span> <span class='ocrx_word' id='word_1_383' title='bbox 1657 2458 1889 2524; x_wconf 66' lang='lat' dir='ltr'>praesertim</span> 
     </span>
     <span class='ocr_line' id='line_1_40' title="bbox 1729 2528 1833 2567; baseline 0 0"><span class='ocrx_word' id='word_1_384' title='bbox 1729 2528 1833 2567; x_wconf 80' lang='lat' dir='ltr'>hanc</span> 
     </span>
    </p>
   </div>
   <div class='ocr_carea' id='block_1_3' title="bbox 453 2579 1806 2644">
    <p class='ocr_par' dir='ltr' id='par_1_3' title="bbox 453 2579 1806 2644">
     <span class='ocr_line' id='line_1_41' title="bbox 453 2579 1806 2644; baseline 0 -13"><span class='ocrx_word' id='word_1_385' title='bbox 453 2595 514 2637; x_wconf 84' lang='lat' dir='ltr'>(a)</span> <span class='ocrx_word' id='word_1_386' title='bbox 535 2597 680 2631; x_wconf 82' lang='lat' dir='ltr'>Memoria</span> <span class='ocrx_word' id='word_1_387' title='bbox 695 2600 726 2630; x_wconf 82' lang='lat' dir='ltr'>in</span> <span class='ocrx_word' id='word_1_388' title='bbox 743 2600 844 2631; x_wconf 75' lang='lat' dir='ltr'>favore</span> <span class='ocrx_word' id='word_1_389' title='bbox 859 2600 1082 2642; x_wconf 82' lang='lat' dir='ltr'>de&#39;Bolognefi.</span> <span class='ocrx_word' id='word_1_390' title='bbox 1105 2603 1183 2633; x_wconf 71' lang='lat' dir='ltr'>Nota</span> <span class='ocrx_word' id='word_1_391' title='bbox 1197 2604 1221 2632; x_wconf 87' lang='lat'>1.</span> <span class='ocrx_word' id='word_1_392' title='bbox 1231 2611 1301 2644; x_wconf 72' lang='lat' dir='ltr'>pag.</span> <span class='ocrx_word' id='word_1_393' title='bbox 1311 2579 1376 2642; x_wconf 48' lang='grc' dir='ltr'>ἐμ.</span> <span class='ocrx_word' id='word_1_394' title='bbox 1393 2604 1474 2633; x_wconf 74' lang='lat' dir='ltr'>Edis.</span> <span class='ocrx_word' id='word_1_395' title='bbox 1484 2603 1663 2632; x_wconf 52' lang='lat' dir='ltr'>Fls*&gt;e,&gt;;t.-&#39;&gt;1.z:&gt;</span> <span class='ocrx_word' id='word_1_396' title='bbox 1680 2603 1737 2633; x_wconf 73' lang='lat' dir='ltr'>Tor</span> <span class='ocrx_word' id='word_1_397' title='bbox 1748 2604 1806 2632; x_wconf 80' lang='grc' dir='ltr'>ΠΙ.</span> 
     </span>
    </p>
   </div>
  </div>
 </body>
</html>
