1951 3085
481 253 542 298 42
779 226 1514 285 DECoNCHts

409 344 503 385 teris
516 339 797 381 Animantibus
814 335 999 392 perfeffis
1020 338 1140 393 vulgo
1152 337 1264 380 diffls
1283 337 1511 393 praestant,
1533 348 1741 393 propterea
1761 349 1865 379 trun-

410 413 498 440 cata
530 413 613 445 non,
629 399 816 438 continuo
836 397 1060 437 moriuntur
1089 409 1131 437 ut
1152 398 1220 438 ista
1242 429 1251 438 .
1286 398 1525 454 Quinimmo
1556 396 1655 438 haec
1685 412 1784 452 quae
1815 397 1865 436 sic

409 454 642 511 imperfeeta
663 456 846 496 dicuntur
877 456 914 493 8<
934 454 1081 494 insetta
1112 469 1205 508 prae
1227 457 1382 510 organis
1402 454 1476 494 suis
1497 485 1509 506 ,
1540 456 1578 495 8<
1597 469 1691 508 prae
1715 455 1864 510 ingen-ii

410 517 517 566 acie,
549 526 591 554 ut
611 515 667 554 ita
689 513 852 567 loquar,
873 527 949 566 qua
969 512 1148 567 praedita
1162 512 1272 564 sunt,
1293 527 1351 553 res
1373 513 1492 552 miras
1512 525 1748 567 operantur,
1769 525 1864 567 quas

411 574 566 628 operari
587 573 754 614 minime
776 570 845 611 scit
867 572 1013 621 Canis,
1034 571 1097 612 vel
1120 571 1286 613 Animal
1309 570 1584 625 quodcumque
1607 572 1720 611 Cane
1742 571 1868 625 perfe-

412 630 508 671 &ius
528 645 605 670 non
627 627 844 670 Insecstum.
878 628 944 668 Ad
966 630 1166 670 Formicas
1198 630 1235 668 8<
1266 629 1315 671 ad
1348 632 1526 670 Araneas
1557 643 1728 683 provoco
1749 658 1759 668 .
1793 627 1868 669 Sed

410 689 504 744 quid
524 702 701 728 memoro
723 688 923 727 Formicas
943 688 1201 729 Araneasve?
1238 687 1486 740 Bombycum
1509 688 1545 726 8<
1563 688 1698 741 Apum
1732 687 1870 741 Opera

409 747 747 801 contemplemur,
779 747 815 784 8<
835 744 923 785 sane
944 744 1056 785 sanus
1076 748 1312 800 quicumque
1335 745 1527 786 fatebitur
1549 774 1561 795 ,
1594 757 1654 784 res
1675 744 1868 799 praestan-

410 805 528 844 tiores
547 796 564 853 ,
590 804 627 841 8<
647 804 772 856 magis
792 802 1059 844 admirabileis
1080 806 1128 843 ab
1152 804 1231 843 ullo
1254 804 1443 857 quopiam
1466 801 1750 856 perfeetiorum
1774 803 1869 842 Ani-

407 863 606 903 mantium
626 873 703 900 non
723 859 807 900 edi.
842 862 895 899 Vt
916 873 1056 900 natura
1077 864 1226 902 Bovem
1250 861 1434 915 quidem,
1460 861 1640 909 Canem,
1673 859 1870 909 Asmum‚

400 932 616 973 {ceteraque
648 918 686 958 id
707 931 826 973 genus
847 918 1052 966 condidisse
1073 920 1276 968 videatur,
1308 930 1350 958 ut
1371 917 1589 971 simplicem
1607 917 1735 957 vitam
1759 918 1870 958 viva-

402 992 517 1028 mus,
548 976 789 1028 Bombycem
812 990 904 1018 vero
925 977 961 1016 &
983 978 1115 1030 Apem
1139 976 1321 1017 addidisse
1339 1007 1350 1028 ,
1372 989 1415 1017 ut
1437 975 1614 1016 Vestium
1638 974 1864 1028 splendore,

411 1037 540 1075 Cerae
563 1033 652 1084 usu,
672 1035 708 1072 8<
729 1034 864 1074 Mellis
885 1035 1088 1075 dulcedine
1110 1035 1283 1075 suaviter
1308 1035 1500 1088 beateque
1522 1035 1768 1075 viveremus·
1794 1032 1870 1073 Sed

410 1107 432 1133 e
454 1092 710 1141 diverticuIO,
731 1091 831 1132 unde
852 1092 1009 1146 digressi
1031 1091 1182 1143 sumus,
1213 1094 1253 1132 in
1276 1093 1387 1134 viam
1411 1122 1421 1132 .
1455 1093 1612 1132 Vrticas
1632 1091 1702 1132 has
1722 1091 1869 1145 imper-

408 1149 531 1192 fee'cas
551 1165 648 1190 voco
670 1149 791 1190 relate
814 1150 862 1189 ad
883 1150 960 1189 alia
972 1151 1208 1190 Animantia
1231 1165 1353 1204 quum
1366 1148 1596 1190 struRuram
1618 1149 1768 1189 nullam
1793 1150 1868 1188 Or·

408 1221 603 1261 ganorum
620 1206 847 1257 ostendant,
879 1209 916 1247 8<
941 1208 1076 1247 mollia
1099 1208 1172 1248 fint
1205 1222 1248 1250 ac
1270 1208 1382 1248 velut
1395 1208 1554 1247 Glacies
1576 1207 1704 1247 calore
1729 1220 1868 1246 manus

408 1264 629 1319 liquescant
652 1294 661 1304 .
695 1267 828 1319 Quare
853 1265 878 1303 fi
901 1278 1029 1304 motus
1050 1266 1202 1318 aliquos
1222 1265 1366 1304 vitales
1387 1278 1466 1303 non
1487 1263 1649 1304 ederent
1669 1293 1681 1315 ,
1712 1265 1868 1318 penitus

408 1323 457 1365 ad
488 1322 688 1362 mucosum
708 1323 931 1376 Liquamen
962 1322 1205 1364 referrentur
1228 1353 1238 1362 .
1271 1325 1337 1363 An
1371 1323 1510 1362 Vrtica
1531 1322 1631 1362 haec
1661 1321 1791 1362 nostra
1821 1322 1867 1362 fit

405 1381 543 1421 eadem
576 1396 620 1420 ac
640 1380 708 1420 illa
739 1394 861 1433 quam
884 1379 992 1419 sexto
1014 1381 1098 1420 loco
1119 1381 1250 1434 pinxit
1267 1380 1526 1422 Rondeletius
1546 1379 1646 1434 (a),
1677 1392 1720 1420 ut
1742 1380 1867 1434 aliqui

406 1452 458 1478 ex
492 1439 642 1478 Amicis
673 1436 830 1486 nostris,
861 1437 908 1476 ad
931 1451 1024 1491 quos
1046 1439 1231 1492 exempla
1251 1439 1329 1491 ejus
1352 1438 1459 1487 mifi,
1493 1437 1754 1492 suspicantur,
1785 1452 1866 1481 non

407 1496 528 1536 ausim
551 1497 745 1536 affirmare
765 1524 774 1534 .
808 1495 929 1536 Pedes
950 1496 1057 1536 enim
1079 1496 1228 1536 nostrae
1250 1496 1314 1536 seu
1336 1495 1509 1535 Frondes
1529 1509 1606 1536 non
1625 1498 1682 1536 ita
1702 1496 1805 1536 latae
1827 1497 1865 1535 8<

406 1553 547 1607 longae
569 1553 655 1592 sunt
676 1582 688 1603 ‚
719 1567 845 1606 neque
867 1554 925 1603 ita
945 1553 1088 1595 incisae
1112 1566 1153 1594 ut
1174 1554 1276 1593 foliis
1297 1553 1473 1593 Acanthi
1504 1553 1642 1605 poffint
1663 1566 1865 1606 compara-

406 1614 462 1651 ri.
494 1613 702 1652 Praeterea
723 1611 791 1650 illa
815 1611 1044 1652 Rondeletii
1067 1611 1317 1666 Marsupium
1338 1625 1415 1652 non
1439 1610 1561 1651 refiert
1581 1640 1593 1662 ,
1626 1609 1688 1652 sed
1709 1611 1866 1651 Pileum

406 1669 620 1723 quemdam
653 1681 720 1710 aut
742 1669 970 1711 Vmbellam
992 1683 1004 1721 ς
1038 1671 1079 1710 ni
1109 1671 1211 1711 forte
1244 1670 1282 1710 id
1315 1669 1458 1710 accidit
1489 1668 1557 1723 ipsi
1591 1666 1792 1708 pistorum
1825 1669 1863 1708 8<

405 1728 653 1781 Scalptorum
673 1728 773 1768 vitio
789 1757 801 1778 ,
834 1728 1079 1769 intolerando
1095 1758 1107 1780 ,
1138 1740 1181 1769 ut
1203 1728 1282 1783 ipse
1306 1728 1483 1781 loquitur
1506 1756 1519 1777 ,
1550 1727 1778 1766 Hominum
1799 1740 1864 1781 ge-

405 1798 499 1824 nere
532 1784 604 1837 (b)
623 1814 633 1823 .

460 1844 513 1880 ΙΙ.
546 1841 673 1892 Hujus
693 1841 845 1894 generis
865 1840 940 1890 est,
972 1852 1014 1880 ut
1035 1841 1207 1881 diximus
1227 1869 1239 1889 ,
1269 1841 1408 1881 Vrtica
1434 1841 1502 1880 illa
1530 1853 1676 1892 magna
1697 1870 1709 1890 ,
1742 1854 1864 1893 quam

404 1899 543 1953 quinto
565 1899 649 1937 loco
681 1896 861 1937 describit
883 1897 1163 1946 Rondeletius,
1194 1898 1230 1936 8<
1251 1897 1370 1951 vulgo
1389 1901 1509 1936 Potta
1531 1897 1684 1935 marina
1705 1897 1775 1950 (c)
1795 1911 1861 1952 ap-

406 1957 599 2010 pellatur,
630 1956 667 1994 8<
687 1968 806 2009 quam
820 1954 1057 1994 Matthiolus
1078 1954 1223 2008 aliique
1244 1968 1339 2008 quos
1361 1954 1487 2006 rejicit
1508 1953 1768 1994 Rondeletius
1787 1969 1859 2009 pro

403 2014 592 2055 Pulmone
614 2014 767 2052 marino
788 2012 935 2052 habeut
957 2042 967 2052 .
1001 2014 1114 2054 Haec
1139 2013 1322 2068 frequens
1343 2012 1395 2052 est
1417 2013 1456 2052 in
1474 2012 1603 2051 nostro
1624 2013 1756 2063 Mari,
1774 2014 1859 2067 pul-

405 2071 577 2125 chraque
599 2070 837 2122 admodum,
867 2069 971 2123 cujus
989 2070 1196 2128 descriptio
1226 2070 1329 2128 apud
1358 2070 1543 2114 eumdem
1572 2070 1857 2114 Rondeletium

401 2128 617 2185 diligenter
637 2128 806 2187 prostat.

1694 2410 1800 2451 CA-

522 2522 584 2551 Lib.
603 2533 660 2553 Χνῐ
669 2533 693 2552 1.
716 2531 776 2563 cap.
792 2519 842 2554 x'x.

521 2561 584 2590 Lib.
600 2563 634 2590 de
641 2563 803 2600 Amphibiis
823 2572 884 2603 cap.
895 2571 981 2594 v111.
1004 2564 1078 2594 circa
1087 2562 1191 2599 finem.

518 2600 679 2631 Lib.xv11.
701 2611 838 2640 cap.x1x.
860 2603 898 2635 <J
910 2614 970 2644 cap.
981 2614 1089 2635 x1111.
1110 2604 1217 2643 vulgus
1230 2603 1336 2636 POTES
1351 2604 1496 2646 appellat.

439 2524 452 2635 fimf-0

460 2525 499 2599 ἓξ

460 2603 495 2638 c)
