1951 3085
444 203 817 264 MINVS
901 208 1285 269 NOTI&
1458 231 1508 283 13

133 314 238 360 secus
269 317 393 359 etiam
423 315 569 360 diffeffi
600 327 814 372 appareant
855 317 893 356 8<
929 315 1083 368 striati,
1114 327 1156 358 ut
1186 317 1228 358 in
1248 314 1373 375 figura
1403 320 1583 374 expressi-

132 390 238 416 mus.

192 436 268 474 ΙΙΙ.
300 435 452 475 Vocavi
472 445 677 488 praeterea
707 433 781 473 hoc
804 433 1040 474 Testaceum
1061 436 1354 488 marginatum,
1386 435 1489 490 quod
1519 441 1582 478 eoi

130 506 219 531 rum
240 493 366 532 multa
387 523 399 545 ,
429 491 658 546 praesertim
681 506 779 545 quae
800 492 953 543 integra
976 490 1084 539 sunt,
1114 494 1336 544 marginem
1368 493 1579 548 quemdam

130 550 372 604 pellucidum
402 551 586 591 &latum
618 547 839 589 universam
860 545 1023 586 Testam
1044 546 1288 587 ambientem
1319 562 1480 604 gerant,
1511 553 1580 605 qui.

131 621 270 663 margo
302 607 342 647 in
374 607 495 662 figura
528 608 576 647 ab
600 604 828 645 Artificibus
857 616 935 642 non
966 603 1040 642 fuit
1071 604 1266 657 expressus
1287 635 1297 645 .
1340 608 1408 646 An
1439 621 1577 648 omnes

130 665 205 706 hae
227 666 370 706 Testae
391 666 463 702 smt
485 662 729 715 marginatae
751 661 1007 712 naturaliter,
1039 661 1076 699 8(
1096 674 1257 715 propter
1278 662 1577 705 fluffliationem

135 723 175 761 in
206 723 306 761 mari
338 720 562 774 marginem
593 716 718 772 ipsum
759 719 981 770 amittantg
1017 732 1068 758 an
1099 733 1192 760 vero
1224 722 1470 777 marginatae
1502 723 1576 764 fint

129 778 253 833 specie
273 776 448 829 diversa,
468 790 545 816 non
569 776 690 816 ausim
710 778 966 831 pronunciare
979 807 989 817 .

188 839 283 877 IIII.
316 838 519 876 Numerus
540 835 685 874 horum
707 837 930 889 Corporum
953 836 993 875 in
1015 834 1231 876 sedimento
1252 838 1405 878 marino
1427 838 1574 879 multus

127 894 207 946 est,
238 908 279 935 ut
300 895 402 934 ultra
425 894 639 947 quingenta
664 894 704 932 in
725 892 790 933 sex
813 893 888 932 illis
911 895 1030 934 unciis
1050 897 1367 936 numeraverim.
1401 898 1458 936 At
1478 897 1576 937 soffi-

126 952 226 993 lium
247 954 288 992 in
309 953 452 992 Arenis
472 952 699 1005 Covignani
721 949 903 991 numerus
925 951 977 992 est
1009 951 1219 992 admodum
1244 955 1407 1007 exiguus
1426 984 1438 1004 ,
1468 966 1511 994 ut
1532 956 1573 994 in

124 1010 283 1065 singulis
306 1011 427 1049 unciis
450 1010 519 1049 vix
543 1022 663 1048 unum
694 1020 760 1048 aut
782 1009 952 1048 alterum
976 1010 1164 1062 reperias.
1197 1012 1245 1048 In
1265 1011 1508 1051 Certaldenfi
1530 1012 1576 1051 il-

123 1068 163 1107 la
186 1070 315 1111 Terra
338 1097 350 1119 ,
379 1065 444 1107 seu
474 1064 610 1106 Pisana
639 1066 766 1106 nullus
788 1095 801 1118 ,
832 1067 889 1106 uti
921 1066 957 1104 8(
986 1067 1027 1106 in
1049 1067 1185 1109 Arena
1215 1067 1285 1108 illa
1316 1070 1419 1110 flava
1450 1070 1574 1121 Bono-f

123 1126 241 1166 nienfi
255 1156 264 1166 .

526 1305 995 1356 CAPVT
1103 1305 1156 1354 V.

120 1415 310 1454 CORNV
345 1415 647 1453 HAMMONIS
682 1414 947 1452 LITTORIS
982 1413 1355 1453 ARIMINENSIS
1401 1416 1568 1471 QVAR-

183 1482 333 1522 TVM,
380 1480 473 1511 sav
516 1471 760 1510 NAVTILI
810 1480 985 1511 GENVS
1033 1481 1212 1510 VALDE
1251 1481 1564 1513 DEPRESSVM

182 1539 453 1570 vmssicho
480 1538 686 1570 CARENS
714 1539 781 1569 ET
807 1538 1139 1574 PLERVMQVE
1165 1538 1565 1571 MARGINATVM.

355 1647 426 1687 OC
460 1647 597 1686 Cornu
629 1646 869 1685 Hammonis
909 1660 999 1686 cum
1028 1646 1157 1700 priore
1198 1645 1312 1686 valde
1345 1646 1531 1687 convenit
1551 1675 1566 1698 ‚

374 1704 550 1745 striarum
571 1704 678 1742 enim
700 1703 775 1755 est,
798 1704 834 1742 δε
854 1703 1088 1758 plerumque
1107 1704 1400 1758 marginatum‚
1421 1715 1461 1744 at
1482 1718 1564 1744 um-

374 1762 489 1799 bilico
511 1771 617 1799 caret
637 1791 649 1808 ‚
681 1762 718 1799 8<
738 1761 942 1812 depressius
963 1762 1041 1812 est,
1073 1774 1192 1815 atque
1214 1761 1410 1801 interdum
1430 1762 1564 1802 oblon-

116 1820 224 1873 ἕως,
246 1816 478 1870 praesertim
500 1830 545 1855 ea
568 1829 668 1867 quae
691 1816 899 1868 grandiora
919 1817 1027 1855 sunt.
1050 1818 1284 1869 Plerumque
1305 1830 1384 1856 non
1404 1818 1458 1857 est
1479 1830 1564 1859 tam

121 1876 310 1930 exiguum
331 1904 339 1913 .
385 1876 473 1914 Hoc
505 1873 627 1912 etiam
659 1872 707 1911 ad
739 1872 900 1911 Nautili
931 1873 1055 1912 Indici
1088 1885 1206 1926 genus
1236 1873 1384 1926 placuit
1414 1874 1565 1916 referre

116 1933 342 1981 Gualterio,
374 1933 410 1971 8<
438 1933 657 1984 Wagnero,
688 1941 729 1969 ut
752 1929 945 1982 superiore
978 1931 1106 1984 capite
1140 1930 1338 1981 indicavi,
1368 1946 1391 1972 a
1423 1932 1562 1986 quibus

116 2004 254 2032 tamen
274 1990 471 2030 dissentio.
505 1990 620 2028 Nam
640 1988 751 2029 varia
773 1989 926 2028 interna
948 1988 1211 2028 loculamenta
1233 1989 1355 2028 etiam
1373 1989 1563 2031 extrinse-

116 2064 164 2089 ce
187 2060 401 2103 apparent,
422 2058 463 2087 ut
485 2062 535 2086 ex
558 2045 679 2099 figura
700 2048 797 2085 IIII.
820 2045 991 2098 ejusdem
1011 2046 1191 2086 Tabulae
1212 2046 1347 2087 videre
1368 2046 1440 2087 est.
1475 2049 1563 2088 Nu-

115 2120 225 2147 mero
246 2106 331 2145 sunt
351 2107 522 2144 minores
543 2105 582 2144 in
603 2103 729 2143 nostro
752 2104 969 2144 sedimento
988 2134 999 2154 ,
1032 2118 1151 2158 quam
1171 2105 1346 2158 reliquae
1365 2105 1477 2158 hujus
1496 2120 1562 2161 ge-

114 2164 223 2205 neris
244 2162 408 2213 Testae,
440 2176 560 2216 quum
592 2173 750 2201 centum
775 2173 932 2202 tantum
962 2162 998 2201 8<
1019 2162 1291 2216 duodeviginti
1322 2163 1363 2201 in
1393 2162 1458 2203 sex
1480 2165 1560 2204 illis

120 2222 242 2262 unciis
262 2223 519 2275 reperierim3
542 2218 604 2260 sed
626 2220 728 2260 mole
750 2220 896 2274 pondus
917 2219 1168 2273 compensant
1187 2249 1197 2259 .
1229 2220 1379 2259 Pondus
1400 2220 1560 2274 quidem

120 2280 275 2320 istorum
299 2276 472 2320 &ivn-1.
506 2278 607 2318 tanti
629 2277 681 2317 est
703 2308 715 2330 ,
748 2281 887 2333 quanti
917 2278 1074 2317 illorum
1106 2276 1173 2317 sex
1205 2277 1375 2317 millium
1397 2307 1408 2329 ,
1438 2279 1475 2318 &
1506 2278 1560 2320 se-

118 2340 418 2393 ptingentorum
450 2338 572 2391 primi
602 2337 754 2391 generis
774 2367 786 2388 ‚
826 2337 863 2376 8<
894 2333 1033 2391 quanti
1064 2335 1222 2375 illorum
1254 2337 1563 2390 quingentorum

121 2399 229 2437 tertii
251 2397 401 2450 generis
421 2425 431 2435 .
464 2395 613 2435 Pondus
636 2408 729 2435 vero
761 2409 897 2435 eorum
928 2393 1081 2435 secundi
1110 2395 1261 2448 generis
1291 2408 1379 2433 cum
1398 2394 1458 2435 his
1489 2395 1560 2435 mi-

116 2457 223 2495 nime
246 2453 297 2494 est
319 2453 645 2508 comparandum.

174 2515 227 2553 II.
263 2514 350 2552 Hoc
374 2511 611 2554 Testaceum
641 2510 973 2566 quemadmodum
996 2509 1100 2552 deest
1129 2510 1170 2549 in
1190 2508 1414 2552 sedimentis
1433 2512 1556 2553 omni·

1435 2569 1503 2609 bus
