1951 3085
362 205 724 263 AESTUS
787 205 1324 264 MARITIMI.
1435 225 1490 274 71

113 319 215 357 hanc
238 314 358 357 Alvei
389 316 656 357 elevationem
674 345 686 367 ,
720 316 792 355 Vir
823 328 956 356 acutus
987 330 1111 371 quum
1137 316 1233 357 talia
1264 317 1304 357 in
1330 316 1479 358 Baltico
1502 317 1566 358 suo

113 373 288 416 accidere
311 388 387 413 non
409 374 641 415 oblervaffet
656 404 668 425 ,
689 372 752 414 sed
774 376 903 428 potius
924 377 1120 415 contraria
1134 405 1146 423 ,
1170 375 1338 429 deprimi
1360 374 1503 417 scilicet
1524 376 1568 417 il-

110 433 186 472 leic
209 433 324 473 Mare
345 433 382 472 8(
404 434 560 484 minui,
592 444 892 487 argumentatus
924 447 1062 474 veram
1097 433 1170 474 effe
1202 432 1422 474 doFtrinam
1454 435 1567 474 illam

109 491 540 555 NeWtonitnam,qua
564 492 821 545 intelligimus
833 493 968 532 omnia
992 490 1130 532 lenfim
1152 491 1282 531 verlus
1293 493 1567 546 Aequatorem

110 550 306 591 confluere
327 578 340 600 ,
370 550 407 589 8<
434 550 571 603 majori
596 549 754 603 quidem
779 550 990 589 velocitate
1021 550 1057 588 8(
1078 551 1328 603 proportione
1359 551 1399 589 in
1431 551 1567 590 nostris

114 607 379 660 Regionibus,
410 621 510 661 quae
532 608 751 661 Aequatori
773 609 858 646 lunt
879 607 1227 663 proquinquioreS,
1258 621 1378 660 quam
1409 609 1450 647 in
1471 608 1566 658 suis,

112 678 213 718 quae
235 666 284 705 ab
306 664 386 719 ipso
410 667 639 704 remotiores
659 665 695 702 8(
716 665 817 702 Polis
842 666 1018 713 melnae,
1042 677 1082 703 ut
1095 665 1242 703 Globus
1253 667 1505 719 Terraqueus
1526 668 1567 706 in

107 721 188 761 dies
209 722 258 762 ad
279 720 559 776 Sphaeroidem
582 721 747 776 figuram
777 722 821 763 in
844 722 944 761 Polis
976 723 1101 776 magis
1132 723 1427 777 complanatam
1459 738 1565 764 acce-

106 778 174 819 dat
189 809 200 829 ,
230 790 273 819 ut
297 780 496 830 tamdem,
517 792 559 819 ut
581 794 653 835 ego
674 779 832 834 quidem
854 781 1024 821 arbitror
1041 809 1053 830 ,
1083 780 1108 819 fi
1130 780 1227 820 haec
1248 794 1342 821 vera
1361 780 1458 830 fint,
1490 783 1564 822 Or-

107 837 165 876 bis
186 839 439 892 Terraqueus
471 852 519 877 no
538 852 561 877 n
583 839 748 892 amplius
769 839 915 878 Globus
935 868 946 889 ,
978 837 1040 878 sed
1061 852 1205 892 magna
1225 840 1330 878 Rota
1362 839 1563 880 videatur.

107 896 258 934 Verum
290 895 478 950 quicquid
507 895 552 935 sit
583 896 630 936 de
662 897 736 936 hac
761 910 801 936 re
823 926 834 947 ,
866 911 915 937 ex
936 896 1270 937 observationibus
1289 898 1565 937 concludamus

103 952 198 993 licet
223 954 340 994 Mare
367 953 537 993 nostrum
570 955 609 994 in
641 953 721 994 dies
755 955 794 993 in
820 955 951 995 Alveo
973 954 1037 993 suo
1068 956 1183 995 altius
1204 955 1396 1009 assurgere
1418 984 1430 1005 ,
1461 956 1564 1009 quod

102 1010 141 1050 8<
155 1011 402 1052 Fluminibus
421 1013 608 1052 omnibus
627 1013 791 1066 perloca
803 1013 920 1066 plana
941 1012 1240 1052 discurrentibus
1258 1012 1313 1053 est
1330 1026 1560 1054 commune.

390 1127 1095 1167 SCHOLJVM
1172 1128 1263 1168 III.

246 1240 396 1281 Idimus
416 1242 456 1280 in
476 1239 732 1295 superioribus
752 1243 868 1282 Mare
890 1241 1064 1281 nostrum
1084 1242 1196 1282 velut
1218 1243 1564 1297 magnumFluen-

267 1310 351 1338 tum
374 1313 513 1340 revera
533 1301 675 1349 fluere,
706 1300 772 1338 8<
763 1314 802 1338 m
826 1300 939 1339 alveo
961 1299 1027 1340 suo
1059 1301 1212 1365 attolli,
1244 1315 1365 1355 quare
1398 1312 1562 1355 apparet

99 1355 137 1395 8(
159 1356 225 1410 ipfi
251 1357 421 1411 reliquas
446 1359 681 1397 Fluminum
702 1358 963 1412 Proprietates
992 1360 1203 1398 convenire
1224 1388 1235 1408 ,
1267 1360 1387 1400 Alvei
1418 1373 1562 1413 nempe

102 1414 412 1465 Mutttionem,
445 1416 756 1465 Corrosionem,
787 1415 1076 1455 Alluvionem.
1111 1417 1174 1455 De
1205 1417 1335 1469 prima
1366 1417 1455 1456 heic
1486 1418 1562 1471 pri-

97 1485 210 1511 mum
238 1474 359 1514 verba
382 1473 569 1513 faciemus
591 1503 602 1523 ,
634 1487 758 1527 quum
791 1487 840 1513 ex
862 1471 942 1533 ipla
974 1473 1147 1526 reliquae
1176 1474 1300 1513 veluti
1331 1473 1559 1528 pendeant.

101 1530 272 1581 Quando
295 1543 431 1571 autem
454 1531 540 1570 dico
573 1533 689 1571 Mare
714 1531 892 1570 Alveum
915 1529 1023 1570 luum
1056 1543 1211 1572 mutare
1244 1532 1283 1571 id
1314 1530 1562 1573 intellePtum

100 1586 218 1638 v,olo
248 1601 326 1626 non
349 1589 452 1642 quod
477 1590 639 1629 omnino
663 1601 790 1629 mutet
823 1589 858 1628 8<
880 1603 950 1644 per
971 1590 1126 1640 omnia,
1159 1588 1223 1629 led
1244 1601 1399 1630 tantum
1421 1590 1561 1631 identi-

96 1643 214 1695 dem,
245 1646 556 1700 &quibusdam
547 1662 587 1687 1n
608 1648 724 1697 locis,
754 1647 811 1687 ita
826 1660 868 1687 ut
892 1648 956 1686 ubi
979 1660 1096 1687 antea
1122 1660 1207 1689 erat
1230 1650 1371 1697 Mare,
1393 1662 1493 1687 nunc
1515 1648 1560 1688 fit

98 1704 255 1752 Terra,
287 1705 324 1742 8(
346 1705 410 1743 ubi
442 1717 559 1745 antea
591 1717 675 1746 erat
697 1707 850 1755 Terra,
884 1705 999 1745 modo
1021 1705 1064 1744 fit
1089 1707 1239 1745 Mare·
1229 1737 1240 1757 ,
1274 1705 1397 1759 quue
1417 1707 1560 1760 potiffi-

97 1773 209 1799 mum
236 1760 321 1800 fieri
353 1776 403 1801 ex
436 1762 592 1816 aggesta
623 1775 729 1801 terra
760 1764 935 1815 limoque
968 1762 1016 1801 ad
1046 1763 1124 1813 ejus
1145 1764 1268 1816 Ripas
1300 1763 1336 1801 8(
1357 1764 1468 1803 Sinus
1489 1793 1500 1813 ,
1531 1763 1558 1803 fi

97 1817 224 1872 ipsum
249 1818 429 1869 recedat,
448 1819 514 1858 vel
534 1834 585 1859 ex
608 1819 822 1858 Alluvione
856 1831 1018 1872 propter
1040 1820 1160 1858 Alvei
1183 1820 1472 1870 elevationem,
1493 1821 1557 1861 vel

97 1889 148 1915 ex
166 1876 423 1927 Corrofione,
453 1876 478 1915 fi
501 1874 626 1930 ipsum
650 1878 797 1916 Terras
821 1876 1090 1931 ingrediatur,
1122 1877 1159 1915 8(
1184 1877 1310 1930 Aquis
1330 1876 1403 1917 suis
1423 1891 1558 1932 perpe-

95 1945 164 1974 tuo
189 1935 408 1988 compleat.
435 1936 551 1975 Mare
576 1948 671 1974 vero
693 1934 858 1974 Accessu
880 1935 943 1974 vel
962 1934 1125 1974 Receffu
1148 1948 1302 1975 mutare
1326 1935 1455 1975 locum
1475 1950 1558 1976 om-

95 1991 207 2031 nibus
229 1992 283 2031 est
306 2005 469 2042 notum,
500 2006 622 2046 quum
643 1992 691 2032 ab
712 1992 920 2035 Herodoto
941 1990 1020 2046 ipso
1042 2006 1159 2047 atque
1183 1993 1230 2032 ab
1244 1993 1453 2034 Aristotele
1477 1996 1556 2034 Ae·

96 2062 240 2103 gyptus
259 2051 424 2090 Donum
445 2051 536 2090 Nili
558 2050 733 2100 dicatur,
765 2049 840 2105 (a)
873 2064 914 2090 ut
947 2050 993 2092 de
1015 2050 1099 2089 aliis
1121 2052 1363 2105 Regionibus
1393 2051 1469 2091 dici
1489 2066 1556 2106 po-

95 2107 190 2157 test,
209 2122 310 2161 quae
335 2123 385 2149 ex
409 2108 637 2149 Sedimento
656 2108 887 2148 Fluminum
911 2106 1038 2149 saetae
1059 2107 1145 2148 sunt
1167 2109 1359 2162 majores3
1392 2111 1455 2150 Ita
1477 2110 1555 2150 alia

97 2164 183 2204 loca
204 2179 307 2206 nunc
325 2178 436 2207 tenet
459 2169 598 2218 Mare,
628 2168 669 2210 in
692 2168 831 2222 quibus
851 2167 949 2206 olim
972 2168 1150 2217 Terrae,
1169 2168 1394 2221 Campique
1416 2179 1529 2207 erant
1543 2197 1553 2207 .

98 2225 251 2262 Verum
282 2225 370 2264 heic
402 2237 559 2264 tantum
591 2225 814 2268 notabimus
847 2239 911 2266 eas
933 2225 1205 2274 Mutationes,
1238 2238 1331 2277 quas
1352 2225 1468 2264 Mare
1489 2238 1556 2264 no-

100 2280 219 2321 strum
240 2283 341 2337 apud
363 2297 431 2324 nos
452 2283 544 2324 fecit
563 2312 575 2334 ,
606 2284 642 2322 8(
662 2298 737 2337 qua
760 2284 918 2324 ratione
939 2313 948 2323 .
983 2282 1102 2336 Apud
1133 2296 1200 2321 nos
1231 2282 1390 2336 quidem
1413 2296 1554 2323 revera

99 2342 216 2380 Mare
238 2342 389 2382 receffit
410 2372 422 2392 ,
454 2341 556 2396 quod
588 2342 791 2383 manifesto
812 2341 1117 2397 deprehenditur
1147 2355 1198 2380 ex
1218 2341 1341 2379 Turri
1372 2340 1409 2379 8(
1432 2342 1553 2380 Muro

97 2399 253 2452 antiqui
274 2400 390 2439 nostri
414 2398 550 2440 POrtus
571 2429 582 2450 ,
614 2414 714 2454 quae
744 2402 880 2441 omnia
912 2399 1029 2440 hodie
1064 2413 1085 2438 a
1117 2398 1289 2453 pluribus
1319 2397 1478 2439 saeculis
1509 2400 1550 2438 in

99 2456 195 2496 ficco
226 2458 421 2499 inutiliter
454 2459 619 2500 haerent
639 2488 651 2510 ,
682 2473 805 2513 quum
836 2471 953 2500 antea
985 2459 1147 2497 Portum
1178 2456 1268 2498 satis
1298 2456 1550 2498 commodum

1365 2515 1493 2555 Navi-

122 2581 177 2619 (a)
200 2582 328 2611 Herodot.
351 2580 463 2611 LibJJ,
480 2573 602 2612 ἳππων.
623 2582 704 2620 Artst.
727 2579 826 2611 Lib.1.
849 2579 1023 2620 Bleteorolog.
1045 2588 1104 2619 cap.
1118 2589 1162 2616 14.
