1951 3085
401 182 748 244 AEsTUS
805 185 1295 245 MAR1T1M1.
1413 195 1484 258 67

118 311 213 354 quos
243 299 395 338 Graeco
417 299 575 339 nomine
606 299 740 338 Protos
771 298 994 353 appellant,
1025 297 1280 340 observarunt
1302 298 1421 341 instar
1440 301 1560 341 alicu-

115 359 171 411 jus
193 356 384 396 Fluminis
415 366 553 397 revera
585 359 705 397 fluere
726 386 738 407 ,
770 356 1089 398 &indesinenter
1119 357 1270 397 cursum
1294 357 1403 398 suum
1434 358 1560 399 serva-

115 427 193 465 re;
226 426 344 468 atque
376 414 449 454 hoc
472 413 608 469 paes'to,
638 428 680 455 ut
713 415 852 469 Aquae
874 417 1001 456 Maris
1031 415 1141 455 cursu
1171 415 1236 456 suo
1266 414 1373 456 regio
1402 418 1559 459 Littora

114 472 370 523 Dalmatiae,
400 473 437 511 8(
457 473 630 513 Histriae
662 473 765 527 prius
785 473 967 514 raderent
986 503 999 524 ,
1029 473 1168 513 deinde
1202 487 1244 514 ut
1274 475 1351 515 fert
1382 474 1560 514 locorum

113 542 257 572 natura
289 531 391 571 flexo
413 530 521 570 cursu
542 532 697 571 Littora
719 533 872 571 Veneta
903 532 1118 582 alluerent,
1151 542 1193 571 ut
1214 532 1390 572 tamdem
1411 532 1458 572 ad
1478 534 1560 572 Lit-

113 602 200 629 tora
222 588 348 628 nostra
379 590 416 628 8<
439 589 606 642 Apuliae
638 590 911 642 pervenirent.
945 589 1061 646 Qod
1082 589 1107 628 si
1128 587 1233 629 reeie
1255 589 1563 640 consideremus,

113 659 277 701 apparet
310 646 479 685 Cursum
510 646 612 685 istius
640 645 796 685 Fluenti
818 646 890 686 effe
921 659 1020 699 pene
1042 646 1313 696 Circularem,
1344 660 1487 700 nempe
1508 649 1558 686 ab

115 705 235 743 Ostiis
256 705 383 743 Maris
404 705 506 757 Jonii
538 703 586 742 ad
607 704 762 742 Littora
793 704 932 757 Epiri,
963 703 1192 744 Dalmatiae
1213 733 1225 754 ,
1255 703 1450 755 Histriae,
1484 706 1557 745 Ve-

109 764 329 811 netiarum,
360 761 508 801 Nostra
525 791 536 812 ,
569 761 763 815 Apuliae,
792 762 829 801 8(
849 761 897 801 ad
919 762 1088 816 reliquos
1113 762 1254 803 Italiae
1278 761 1372 802 fines
1394 792 1403 801 .
1436 764 1558 802 Hunc

109 832 265 860 motum
286 819 535 860 Circularem
556 820 682 858 Maris
703 818 819 859 nostri
841 818 907 859 usu
928 820 965 859 8<
985 821 1230 874 experientia
1251 820 1555 874 comprobarunt

111 876 306 917 Aueiores
328 878 409 927 illi,
440 876 543 931 quod
563 876 708 917 scilicet
730 879 869 918 Naves
888 907 900 928 ,
931 892 1030 932 quae
1053 892 1102 918 ex
1123 880 1301 931 Corcyra
1321 877 1451 917 Insula
1482 879 1560 918 Vew‘

109 937 235 977 netias
256 947 394 989 petunt
417 934 570 989 semper
587 949 706 989 prope
727 936 882 976 Littora
903 936 1015 990 Epiri
1036 936 1073 975 8<
1093 936 1322 976 Dalmatiae
1342 937 1554 990 navigent,

110 1005 152 1033 ut
175 995 288 1034 citius
319 995 397 1033 iter
428 992 537 1032 suum
569 993 795 1033 conficiant.
829 996 981 1033 Contra
1003 1007 1096 1034 vero
1117 995 1278 1043 NaveS,
1309 1008 1408 1046 quae
1430 995 1555 1034 Vene-

108 1053 173 1090 tiis
204 1053 428 1104 Corcyram
449 1062 612 1105 petunt,
644 1050 691 1090 ad
712 1052 867 1089 Littora
889 1050 1015 1088 nostra
1045 1049 1198 1103 semper
1227 1051 1264 1089 8(
1285 1050 1455 1103 Apuliae
1476 1052 1554 1091 Ita-

106 1109 261 1162 liaeque
294 1109 467 1161 reliquae
499 1109 710 1147 accedant.
749 1106 867 1163 Qiod
896 1106 1266 1158 Observationibus,
1297 1107 1363 1147 usu
1383 1109 1419 1147 8(
1440 1122 1556 1162 expe-

105 1167 254 1206 rientia
285 1165 522 1206 asseruerunt
553 1165 788 1218 jampridem
809 1167 915 1204 Proti
937 1166 1027 1216 illi,
1058 1165 1096 1204 id
1127 1166 1272 1206 iterum
1302 1165 1551 1207 confirmavit

105 1222 246 1265 emero
276 1223 439 1263 Saeculo
470 1223 574 1262 circa
606 1221 726 1262 finem
755 1223 1037 1262 Hieminianus
1069 1224 1341 1262 Montanarius
1372 1225 1551 1278 egregius

104 1282 421 1322 Mathematicus
453 1281 563 1320 novis
585 1278 741 1333 adjeffis
765 1279 1139 1331 ObservationibuS,
1170 1282 1207 1320 8<
1227 1281 1391 1321 Calculo
1422 1293 1551 1321 motus

103 1339 211 1380 istius
232 1338 375 1378 Cursus
395 1368 404 1378 .
439 1336 512 1392 (a)
545 1337 784 1378 Observavit
817 1340 925 1378 enim
955 1336 1103 1380 Insulas
1134 1337 1320 1392 quasdam
1349 1340 1549 1379 natanteis

104 1412 156 1438 ex
178 1396 368 1437 radicibus
387 1409 531 1449 nempe
552 1395 765 1434 Arundinis
782 1394 962 1434 Palustris
983 1397 1192 1444 conflatas,
1222 1409 1317 1448 quas
1333 1397 1462 1448 patrio
1482 1411 1549 1437 no-

105 1456 212 1495 mine
244 1455 366 1494 Coria
386 1454 489 1493 illeic
520 1453 744 1507 appellant,
765 1466 815 1493 ex
838 1453 991 1492 Littore
1015 1452 1262 1504 forojuliano
1283 1454 1319 1492 8(
1340 1454 1549 1494 Tarvisino

105 1512 256 1552 avulsas
287 1510 394 1551 recia
414 1512 602 1551 Venetias
632 1508 762 1550 versus
789 1509 993 1560 incedere,
1024 1511 1061 1549 8(
1080 1511 1106 1549 fi
1128 1512 1316 1550 Venetias
1337 1513 1548 1565 praeterie-

104 1571 186 1610 rint
218 1598 230 1620 ,
269 1569 333 1609 vel
365 1582 414 1609 ex
445 1569 599 1608 Littore
630 1568 730 1607 citra
761 1569 950 1609 Venetias
981 1568 1225 1619 avellantur,
1257 1569 1303 1610 ad
1327 1569 1436 1609 Ostia
1454 1570 1548 1610 Padi

106 1626 369 1677 contendere,
397 1637 515 1680 atque
538 1640 588 1666 ex
609 1638 719 1666 motu
738 1625 880 1666 harum
901 1625 1120 1666 Insularum
1140 1657 1152 1678 ,
1183 1627 1249 1681 qui
1271 1641 1293 1666 a
1314 1627 1444 1667 Fluxu
1466 1642 1547 1668 rna-

103 1687 190 1725 rino
221 1699 299 1724 non
330 1684 614 1724 interturbatur
643 1713 656 1735 ,
697 1696 994 1738 argumentatus
1025 1683 1078 1724 est
1109 1685 1388 1726 Hadriaticum
1420 1685 1545 1725 sinum

103 1741 211 1783 cursu
243 1741 307 1781 suo
340 1740 463 1794 spatio
498 1752 682 1780 XXIIII.
706 1743 910 1782 Horarum
942 1743 1017 1782 tria
1048 1742 1113 1782 vel
1135 1755 1302 1796 quatuor
1322 1743 1447 1782 millia
1467 1743 1548 1796 pas-

101 1801 213 1841 suum
236 1798 424 1839 conficere
441 1827 451 1837 .
485 1796 602 1851 Apud
624 1811 691 1836 nos
717 1810 870 1850 quoque
891 1797 1034 1837 Cursus
1065 1798 1132 1838 iste
1163 1798 1392 1838 observatur
1411 1829 1423 1850 ,
1453 1814 1548 1840 narn

103 1860 283 1912 Corpora
311 1869 447 1896 eorum
467 1884 479 1905 ,
509 1855 575 1908 qui
607 1853 655 1894 ad
689 1853 782 1894 ostia
802 1854 896 1894 Padi
926 1854 1109 1894 submersi
1140 1856 1205 1895 vel
1235 1856 1343 1895 occisi
1363 1858 1515 1911 periere
1535 1887 1548 1909 ,

101 1917 332 1972 plerumque
352 1914 393 1953 in
412 1914 564 1953 Littore
585 1913 801 1952 Ravennae
826 1913 1097 1966 reperiuntur,
1128 1913 1225 1953 item
1247 1915 1424 1968 Corpora
1444 1930 1544 1970 quae

102 1976 207 2015 ultra
229 1972 459 2013 Ariminum
480 1971 521 2010 in
544 1972 660 2010 Mare
681 1970 882 2024 perierunt
903 2000 915 2021 ,
946 1970 1176 2025 plerumque
1196 1972 1294 2012 citra
1315 1974 1544 2013 Ariminum

101 2032 383 2080 inveniuntur,
415 2031 523 2069 fluxu
545 2042 686 2082 nempe
708 2027 776 2067 isto
796 2027 1043 2069 dextrorsum
1066 2028 1219 2083 semper
1239 2028 1423 2072 adveeia.
1456 2031 1547 2073 Ela-

105 2090 176 2146 pso
196 2103 298 2129 anno
330 2101 403 2141 ego
426 2100 578 2141 quoque
609 2099 728 2141 quum
749 2088 937 2127 Venetias
967 2087 1125 2141 navigio
1145 2101 1323 2141 peterem
1355 2088 1403 2128 ad
1434 2089 1544 2129 Ostia

102 2144 202 2190 Padi
231 2145 312 2187 vidi
342 2146 524 2185 inflatum
546 2145 729 2186 Cadaver
748 2142 929 2185 submersi
952 2145 1137 2184 Hominis
1165 2143 1337 2185 secundis
1366 2145 1543 2186 fluffibus

102 2208 340 2246 Ravennam
360 2202 621 2252 contendere,
651 2216 772 2257 quum
802 2217 870 2242 nos
900 2204 1061 2243 interim
1091 2201 1251 2242 obverso
1272 2206 1402 2243 Vento
1432 2205 1542 2243 nobis

105 2277 244 2305 tamen
263 2262 433 2317 propitio
464 2261 541 2301 iter
559 2259 728 2300 nostrum
749 2261 1046 2311 conficeremus,
1078 2272 1194 2313 atque
1227 2275 1279 2300 ex
1309 2272 1420 2301 motu
1441 2261 1544 2301 illius

106 2321 346 2370 Cadaveris,
366 2331 559 2374 quantum
580 2318 678 2358 mihi
698 2318 916 2359 coniecstare
938 2319 1069 2370 licuit,
1091 2317 1217 2358 visum
1238 2317 1292 2358 est
1311 2333 1419 2360 mare
1440 2320 1542 2361 velo-

104 2382 183 2421 cius
211 2380 268 2420 ire
301 2392 423 2432 quam
442 2389 484 2418 ut
504 2375 615 2418 sexta
637 2390 789 2431 quaque
810 2377 907 2418 hora
927 2378 1085 2417 unicum
1104 2388 1262 2417 tantum
1293 2378 1461 2418 milliare
1482 2392 1546 2432 pe-

999 2436 1020 2473 Ι
1081 2448 1106 2474 2
1286 2446 1487 2490 ragraret.

152 2535 210 2573 (a)
232 2532 314 2563 Libro
330 2533 491 2570 Postknmo,
511 2533 561 2571 qui
581 2532 739 2571 inscribitur
761 2533 782 2562 il
799 2533 882 2562 Mare
898 2531 1063 2566 Adriatico,
1086 2540 1099 2560 e
1116 2530 1163 2560 sua
1178 2530 1321 2560 Corrente
1342 2528 1511 2559 csamiuata.

266 2582 408 2613 pag.325.
431 2572 534 2611 C'Jseq.
556 2574 634 2603 Edn.
651 2572 772 2601 Florem.
797 2581 880 2610 1733.
