1951 3085
390 168 760 227 MINVS
845 169 1226 227 NoTrs.
1390 189 1450 240 45

84 272 1532 310 fflwwwfflffnwwwmwwaewwmwmwmmffl

469 343 1136 397 CAPVTJII.

82 453 353 493 TETHYVM
384 462 477 492 SEv
502 453 775 493 MENTVLA
799 454 1020 494 MARINA
1055 456 1239 496 PENEM
1259 458 1524 500 CANINVM

323 519 598 550 REFERENS
633 512 895 551 LITTORIS
919 513 1315 555 ARIMINENSIS.

281 682 520 722 Holothuria
539 681 587 719 ab
610 680 820 722 Aristotele
843 682 1165 737 &Theophrasto
1185 644 1398 739 descriptay
1421 700 1522 741 quae

284 742 394 779 Gaza
434 740 474 778 in
514 738 559 777 iis
599 741 870 780 convertendis
910 741 1253 787 indiscriminatim
1284 745 1492 784 Vertibula
1512 774 1525 796 ‚

77 798 243 848 Canos,
274 798 311 837 8<
331 797 492 837 Tubera
514 797 734 838 vocitavit.
767 798 840 840 Sed
861 799 964 839 male
997 799 1094 840 haec
1114 801 1275 841 nomina
1295 801 1524 856 permiscuit

80 857 221 898 eodem
242 855 471 896 observante
492 854 747 896 Rondeletio.
772 856 821 912 (a
831 855 847 909 )
879 857 1167 898 Holothurium
1188 859 1296 898 enim
1317 859 1369 900 est
1390 873 1525 914 coi-pus

77 914 262 956 calloium
285 913 444 968 quidem
477 914 513 951 8<
534 914 754 954 coriaceum
785 928 807 954 a
836 914 936 955 laxis
958 917 1156 956 liberum.
1189 917 1399 970 Tethyum
1430 931 1525 959 vero

77 973 164 1027 ipsis
184 973 379 1014 haerens.
413 974 546 1027 Quare
569 985 691 1035 quum
713 973 865 1026 Corpus
897 973 1054 1014 Tabula
1077 976 1135 1024 V,
1163 974 1200 1012 8<
1231 975 1354 1028 figura
1377 977 1425 1014 V.
1459 990 1524 1015 ex-

77 1030 243 1084 pressum
264 1060 275 1081 ,
307 1029 409 1084 quod
429 1031 531 1069 inter
552 1030 668 1068 maris
689 1042 952 1082 purgamenta
974 1045 995 1069 a
1015 1031 1124 1069 nobis
1144 1044 1348 1083 repertum
1368 1031 1422 1071 est
1441 1061 1452 1081 ,
1484 1034 1526 1070 in

75 1090 332 1128 extremitate
356 1087 469 1127 fibras
490 1086 677 1140 quasdam
701 1086 901 1137 ostendat,
936 1087 1073 1141 quibus
1105 1088 1319 1141 apparebat
1351 1089 1399 1128 ad
1431 1087 1524 1129 saxa

75 1144 305 1195 adhaesisse,
336 1145 384 1184 ad
405 1144 568 1197 Tethy-a
600 1144 824 1185 retulimus.
859 1146 1072 1186 Coriaceae
1104 1157 1266 1187 naturae
1290 1146 1344 1186 est
1364 1176 1372 1185 .
1407 1148 1526 1186 Circa.

76 1202 202 1257 ipsum
232 1203 289 1241 nil
310 1201 464 1254 insuper
485 1201 681 1251 addimus,
712 1216 834 1255 quum
855 1203 1014 1243 Titulus
1035 1205 1071 1242 8<
1093 1204 1239 1257 Figura
1259 1205 1353 1258 quid
1374 1206 1411 1243 8<
1433 1217 1525 1257 quo-

76 1260 192 1301 modo
213 1260 257 1299 sit
290 1258 378 1299 satis
399 1258 586 1312 superque
608 1272 831 1312 exponant.

135 1320 187 1356 II.
222 1316 285 1356 Ad
308 1316 489 1368 Tethyas
519 1318 555 1354 8<
577 1316 818 1355 Holothuria
850 1317 1053 1358 referenda
1085 1317 1139 1357 est
1170 1320 1301 1359 Penna
1331 1319 1493 1365 Matina
1512 1348 1525 1369 ‚

75 1374 141 1416 seu
162 1374 345 1414 Mentula
368 1374 495 1424 alata,
527 1387 626 1427 quae
648 1374 752 1414 inter
771 1375 897 1413 Maris
919 1376 1185 1428 purgamenta
1215 1376 1297 1428 post
1328 1378 1524 1416 Procellas

77 1434 135 1473 uti
155 1433 191 1471 8<
211 1434 365 1486 Corpus
386 1431 572 1486 superiori
596 1431 760 1470 articulo
780 1430 1015 1485 descriptum
1036 1432 1124 1472 heic
1146 1433 1346 1473 interdum
1377 1435 1524 1487 reperi-

77 1502 165 1541 tur,
195 1489 241 1531 de
261 1505 339 1544 qua
361 1489 582 1530 consulatur
604 1488 858 1529 Rondeletius
879 1488 953 1543 (b)
971 1520 980 1529 .

135 1550 209 1587 ΙΙΙ.
244 1549 443 1604 Quoniam
464 1546 672 1601 posteriora
693 1546 790 1586 haec
804 1549 1003 1601 Corpora,
1025 1561 1124 1601 quae
1149 1549 1188 1588 in
1209 1548 1282 1591 hac
1304 1549 1422 1589 tertia
1434 1563 1519 1603 par·

74 1617 114 1647 te
137 1605 401 1660 descripfimus
420 1636 432 1657 ,
464 1606 500 1644 8<
521 1619 561 1646 re
583 1606 620 1645 8<
638 1606 860 1645 nominibus
881 1607 1027 1647 Parteis
1058 1606 1106 1646 ad
1128 1608 1436 1648 Generationem
1467 1607 1523 1646 di-

77 1676 182 1705 catas
202 1663 489 1717 quodammodo
510 1664 684 1706 referunt
702 1693 712 1713 ‚
744 1665 896 1717 Corpus
917 1664 1113 1718 quoddam
1147 1666 1187 1704 in
1209 1666 1443 1709 memoriam
1466 1679 1523 1705 re-

77 1733 220 1762 vocant
252 1736 274 1761 a
305 1735 368 1761 me
401 1722 505 1760 iuter
525 1723 650 1762 Maris
671 1722 934 1775 Purgamenta
963 1722 1058 1762 olim
1088 1736 1287 1776 repertum
1310 1753 1321 1773 ,
1352 1722 1454 1777 quod
1480 1723 1523 1761 8<

77 1791 162 1819 tota
180 1778 278 1818 facie
300 1779 337 1816 8<
355 1779 519 1816 humore
532 1777 676 1816 viscoso
688 1805 701 1826 ,
723 1792 841 1829 quem
863 1780 966 1816 intus
986 1781 1211 1818 continebat
1223 1809 1234 1828 ,
1248 1779 1521 1820 Allantoidem

76 1839 289 1877 Brutorum
320 1849 409 1874 cum
432 1833 576 1873 Vrachi
602 1834 710 1886 apice
741 1831 1014 1886 perfectissime
1046 1835 1363 1887 repraesentabat
1384 1865 1392 1874 .
1425 1837 1526 1876 Cito
1561 1868 1563 1871 Α

76 1894 270 1935 emarcuit
290 1893 327 1931 8<
348 1893 570 1946 Operarum
591 1888 746 1930 defe6h1
766 1892 875 1945 pingi
898 1903 990 1930 tunc
1010 1905 1088 1931 non
1110 1894 1238 1946 potuit
1259 1923 1268 1933 .
1301 1895 1453 1933 Verum
1475 1907 1524 1934 ne

76 1951 251 1994 multum
271 1950 467 1991 excrelcat
489 1950 615 1989 oratio
635 1947 785 1999 nostra,
802 1948 894 1989 huic
910 1947 1042 1989 Tra&
1037 1951 1157 1990 ationi
1179 1950 1224 1992 de
1245 1951 1377 1991 Rebus
1399 1951 1527 1992 minus

76 2010 180 2051 notis
201 2009 319 2049 finem
342 2009 457 2048 modo
479 2008 746 2062 imponimus,
775 2007 812 2046 8<
843 2007 891 2047 ad
921 2006 1087 2052 Aestum
1107 2010 1315 2051 Marinum
1346 2009 1526 2054 animum

79 2069 375 2120 convertimus,
405 2079 448 2109 ut
467 2066 587 2109 fidem
605 2065 775 2107 nostram
794 2065 1027 2109 liberemus.

79 625 112 664 I.
136 627 287 763 EX
318 623 553 664 Rondeletio
584 623 847 664 differentiam
877 624 1107 665 addiscimus
1134 626 1236 666 inter
1257 627 1397 682 Tethy
1403 643 1455 680 a,
1486 629 1524 669 8<

126 2512 184 2548 (a)
207 2510 270 2540 Lib
286 2511 320 2541 de
334 2510 429 2550 InseR.
451 2510 635 2554 &Zoopbyt
657 2521 716 2554 cap.
727 2523 768 2547 xx
774 2523 839 2548 111

127 2551 188 2589 ab)
209 2549 317 2583 Ibidem
339 2563 367 2582 c
352 2561 398 2590 ap
413 2561 539 2584 κωκυ.
