1951 3085
524 237 597 286 74
813 216 1516 274 SPECIMEN

446 343 562 374 vetus
595 328 747 385 antiqui
779 327 897 369 nostri
928 331 1066 370 Portus
1097 330 1223 370 multo
1244 328 1504 387 propinquior
1529 327 1583 369 est
1614 327 1731 369 hodie
1764 332 1873 372 Mari
1891 339 1907 383 ,'

449 402 572 444 quam
594 399 680 429 erat
702 388 867 442 triginta
888 387 1056 429 abheinc
1076 390 1210 440 annis,
1242 401 1284 429 ut
1306 403 1380 444 ego
1401 388 1588 427 memini.
1621 389 1654 426 F
1657 389 1794 429 ortaffe
1817 391 1906 431 Ma-

450 462 491 488 re
512 445 628 486 hodie
649 446 751 501 apud
771 460 839 486 nos
858 445 999 486 senfin]
1019 461 1252 501 recuperare
1279 459 1431 498 tentat,
1457 444 1559 500 quod
1580 445 1675 485 olim
1698 446 1906 499 amiserat,

448 518 569 559 atque
590 504 616 544 fi
638 506 712 545 hac
731 506 882 545 ratione
903 504 1091 560 procedat
1110 505 1237 560 ipsam
1250 504 1583 546 Vrbemnostram
1607 504 1782 546 tamdem
1803 520 1908 548 mer-

449 576 517 620 get
537 593 550 615 ,
577 562 815 619 praesertim
836 566 973 605 Portus
993 563 1246 617 suburbium,
1274 565 1314 604 8<
1335 565 1428 604 Vias
1450 563 1535 603 illas
1557 576 1689 604 recens
1710 562 1904 615 3101106133,
1922 576 1924 578 ’

448 622 520 663 nisi
541 623 748 677 aggeribus
772 620 883 662 faffls
914 624 972 663 uti
994 623 1096 678 apud
1118 626 1286 664 Batavos
1306 653 1319 674 ,
1350 623 1415 664 vel
1436 622 1659 664 elevatione
1681 621 1789 676 plani
1814 624 1904 663 Via-

448 694 538 720 rum
551 709 564 731 ,
583 680 686 734 quod
696 682 949 735 opportunius
969 681 1147 733 est,huic
1161 682 1267 722 malo
1278 680 1557 736 prospiciatur.
1585 682 1675 720 Hoc
1697 681 1820 721 etiam
1840 681 1904 722 ob-

448 737 612 778 servasse
631 740 832 780 Romanos
852 740 1050 793 aliquibus
1071 741 1111 779 in
1132 741 1226 780 locis
1259 739 1361 795 apud
1382 754 1449 779 nos
1481 741 1598 779 Mare
1633 738 1815 780 accedere
1847 740 1906 780 vi-

447 795 563 836 detur
581 808 594 847 3
626 809 721 836 nam
741 798 883 837 Tertio
903 799 953 837 ab
973 799 1080 839 Vrbe
1101 798 1227 839 nostra
1248 798 1395 853 Lapide
1409 828 1421 848 ,
1452 799 1517 837 ubi
1539 798 1761 837 etiamnum
1784 797 1905 853 Cippi

447 854 569 908 aliqui
590 854 775 894 Milliarii
803 866 962 896 veteres
992 855 1193 910 supersunt
1214 887 1226 908 ,
1257 858 1297 896 in
1319 857 1395 896 Via
1417 856 1616 896 Flaminia
1642 868 1829 909 aggerem
1854 856 1905 896 31-

445 913 634 953 tiffimum
655 927 706 953 ex
727 925 908 954 cemento
928 915 965 953 8<
986 915 1121 969 glarea
1144 914 1442 954 construxerunt
1476 913 1524 954 ad
1545 913 1672 954 multa
1693 912 1905 965 milliaria,

446 983 490 1011 ut
511 971 588 1011 Via
609 970 677 1011 1113
710 985 731 1011 3
752 970 931 1012 Η11Ε1111113
953 974 1080 1013 Μ3113
1111 985 1303 1027 perpetuo
1335 973 1488 1013 munita
1517 972 1618 1013 foret
1641 1001 1652 1022 ,
1684 972 1751 1026 qui
1784 985 1905 1027 agger

443 1029 572 1070 adhuc
598 1028 757 1079 vifitur,
788 1030 825 1069 8<
846 1044 867 1070 a
889 1031 1056 1072 Miffone
1089 1032 1129 1071 in
1150 1031 1216 1071 suo
1237 1032 1449 1073 Itinerario
1470 1043 1739 1081 memoratur,
1771 1044 1906 1084 quam-

445 1100 568 1141 quam
588 1087 856 1140 imprudentia
880 1087 1099 1128 nostrorum
1120 1090 1161 1128 in
1182 1089 1262 1130 dies
1284 1090 1527 1142 destruatur,
1560 1101 1744 1130 cemento
1765 1089 1833 1129 illo
1864 1089 1906 1128 in

447 1146 544 1185 alios
565 1143 649 1184 usus
669 1144 748 1184 alio
771 1146 981 1186 translato.
1017 1146 1135 1200 Apud
1156 1147 1378 1188 Fanestreis
1398 1150 1546 1197 etiam,
1577 1158 1619 1186 ut
1639 1161 1688 1187 ex
1710 1146 1906 1200 aliquibus

446 1202 609 1243 eruditis
632 1203 734 1242 illius
756 1205 947 1244 Civitatis
968 1206 1122 1258 accepi,
1143 1204 1251 1245 fama
1272 1205 1324 1244 est
1347 1206 1462 1244 Mare
1486 1204 1600 1244 hodie
1623 1205 1907 1258 proquinquius

446 1260 519 1301 effe
542 1259 639 1299 Vrbi
664 1274 825 1312 eorum,
843 1276 962 1315 quam
984 1263 1114 1304 fuerat
1136 1274 1251 1313 ante,
1283 1276 1378 1302 nam
1401 1261 1528 1303 nescio
1552 1275 1647 1315 quas
1669 1274 1822 1303 veteres
1843 1265 1906 1303 In-

445 1318 672 1373 scriptiones
692 1320 949 1373 Sepulcraleis
970 1322 1019 1361 ad
1040 1323 1156 1362 Mare
1189 1322 1230 1360 in
1252 1322 1513 1361 excavatione
1544 1320 1637 1360 novi
1659 1334 1796 1360 eorum
1816 1322 1905 1361 Por-

443 1389 505 1419 tus
526 1377 711 1418 invenisse
730 1378 963 1431 perhibent.
986 1378 1060 1420 Sed
1079 1380 1305 1419 maximum
1328 1379 1561 1433 exemplum
1583 1378 1802 1420 accessionis
1814 1381 1904 1420 Ma·

442 1436 493 1475 ris
515 1435 766 1485 Hadriatici,
797 1435 1044 1490 &Ingressus
1076 1438 1117 1475 in
1144 1439 1293 1476 Terras
1312 1468 1326 1488 ,
1359 1441 1397 1477 in
1431 1439 1584 1492 magnis
1603 1437 1771 1478 Lacunis
1790 1467 1803 1489 ,
1833 1436 1900 1478 seu

440 1493 644 1543 VallibuS,
677 1504 718 1532 ut
739 1507 905 1545 vocant,
936 1495 1141 1546 Cmnacli,
1172 1495 1385 1537 habemus.
1418 1497 1532 1536 Nam
1554 1496 1654 1536 Vrbs
1678 1495 1769 1547 ista,
1801 1510 1902 1551 quae

443 1552 683 1603 Cymaclum
705 1551 899 1606 aliquibus
920 1552 1063 1593 dicitur
1085 1583 1096 1604 ,
1128 1554 1230 1607 quod
1252 1554 1356 1607 quafi
1378 1569 1398 1594 e
1421 1552 1599 1593 flufflbus
1620 1555 1746 1593 Maris
1776 1568 1902 1595 emer-

442 1608 534 1649 serit
550 1639 562 1660 ,
594 1624 770 1664 quaeque
791 1611 832 1650 in
854 1611 984 1652 medio
1004 1614 1253 1653 Lacunarum
1276 1611 1392 1653 modo
1415 1611 1487 1651 fita
1509 1611 1586 1662 est,
1617 1624 1660 1651 ut
1692 1612 1790 1651 olim
1818 1613 1899 1654 Ra-

442 1681 574 1718 venna
595 1697 606 1718 ,
638 1669 673 1707 8<
694 1682 796 1708 nunc
827 1670 1061 1724 amplissima
1083 1671 1341 1711 Venetiarum
1364 1699 1375 1721 ,
1407 1684 1538 1710 recens
1555 1669 1773 1709 admodum
1792 1670 1899 1711 vide-

441 1738 528 1777 tur,
560 1739 681 1779 quum
703 1741 749 1766 eo
768 1729 809 1767 in
830 1729 914 1768 loco
935 1729 1051 1768 multi
1073 1729 1314 1769 arbitrentur
1335 1729 1498 1781 Spinam
1522 1728 1674 1767 Vrbem
1693 1728 1791 1767 olim
1811 1728 1898 1769 fuis-

442 1783 479 1823 se
501 1813 513 1833 ,
544 1784 647 1836 cujus
679 1787 863 1825 meminit
894 1787 1034 1826 Strabo
1066 1785 1142 1840 (a)
1173 1787 1211 1824 8<
1242 1785 1454 1838 Dionysius
1484 1786 1830 1838 Halicarnasseus,
1861 1789 1900 1827 δε

440 1843 588 1896 primus
620 1841 780 1896 quidem
801 1855 1009 1897 tamquam
1032 1844 1179 1897 Oppidi
1200 1842 1274 1882 suis
1298 1844 1540 1897 temporibus
1570 1845 1608 1883 in
1630 1846 1864 1886 Continenti
1885 1875 1898 1897 ,

441 1901 477 1939 8<
505 1914 526 1939 a
547 1902 656 1941 Mari
692 1911 771 1941 XC.
794 1902 934 1940 Stadiis
965 1901 1173 1953 distantis5
1206 1902 1403 1941 Attamen
1434 1902 1536 1941 Vrbs
1567 1903 1749 1942 Comacli
1781 1904 1897 1945 hodie

441 1958 490 1999 ad
511 1961 627 1998 Mare
659 1972 759 2012 pene
782 1959 835 1999 est
855 1989 867 2010 ,
898 1961 1155 2013 marinaeque
1177 1962 1256 2011 ejus
1275 1961 1457 2000 Lacunae
1490 1960 1539 2000 ad
1565 1971 1643 2001 LX.
1666 1961 1792 2001 millia
1813 1962 1898 2002 Pas-

440 2015 549 2056 11111111
572 2017 612 2055 111
634 2017 905 2071 longitudine,
924 2018 962 2056 8<
983 2017 1031 2058 ad
1051 2017 1277 2072 quindecim
1299 2018 1338 2057 in
1359 2018 1567 2060 latitudine
1589 2019 1893 2073 protenduntur.

440 2075 576 2128 Atque
608 2075 663 2114 ibi
694 2076 734 2114 in
766 2077 878 2116 novis
908 2076 1082 2117 Aedibus
1101 2106 1114 2127 ,
1144 2076 1210 2116 vel
1235 2076 1437 2116 Aedificiis
1469 2076 1542 2117 suis
1579 2076 1797 2118 Piscatoriis
1830 2094 1896 2120 ex-

439 2131 627 2172 struendis
657 2133 793 2187 passim
819 2134 1004 2188 Sepulcra
1027 2136 1063 2174 &
1083 2134 1244 2174 Rudera
1265 2137 1459 2175 Veterum
1479 2135 1655 2176 Aedium
1683 2137 1790 2177 intra
1812 2138 1898 2179 illas

438 2192 615 2230 Lacuuas
647 2193 856 2232 inveniunt
879 2223 888 2232 .
930 2194 991 2233 Ibi
1022 2195 1130 2234 enim
1161 2195 1279 2233 Mare
1312 2195 1551 2248 recuperasse
1574 2195 1730 2235 videtur
1752 2226 1764 2247 ,
1796 2211 1896 2250 quae

440 2249 689 2303 temporibus
710 2251 912 2290 Strabonis
930 2251 1117 2292 amiserat
1138 2282 1148 2292 .
1191 2251 1267 2292 Sed
1299 2253 1391 2306 quid
1420 2253 1508 2294 heic
1528 2254 1691 2308 Spinam
1723 2252 1898 2295 submer-

438 2305 542 2358 sam,
562 2308 598 2346 8<
622 2309 803 2350 Comacli
825 2312 1003 2350 Lacunas
1025 2325 1226 2362 memoro,
1257 2323 1300 2350 ut
1321 2311 1536 2353 :illuviones
1558 2312 1685 2352 Maris
1708 2311 1827 2352 nostri
1858 2328 1899 2353 o·

439 2363 639 2406 stendam?
674 2368 841 2407 Concha
871 2368 953 2422 ipsa
976 2370 1077 2408 Vrbs
1107 2370 1206 2409 olim
1236 2368 1391 2409 decimo
1422 2370 1571 2425 Lapide
1603 2371 1673 2410 vix
1706 2370 1755 2410 ab
1787 2372 1897 2412 Vrbe

437 2422 564 2463 nostra
584 2423 722 2465 distans
738 2455 751 2477 ‚
781 2426 819 2466 8<
840 2427 889 2468 ad
910 2427 1181 2468 Crustumium
1201 2428 1368 2469 fiuvium
1390 2429 1514 2483 posita
1543 2443 1674 2472 nonne
1706 2443 1729 2469 3
1761 2430 1895 2470 multis

1695 2488 1836 2530 Saecu-

450 2615 504 2653 (a)
528 2617 655 2647 Strabon.
671 2619 735 2648 Lib.
750 2629 778 2648 v.
791 2621 943 2661 Geograph.
983 2624 1100 2664 Dionys
1110 2625 1296 2664 Halicarnasi
1314 2626 1458 2665 Antiquit.
1469 2628 1587 2655 Roman·
1603 2622 1667 2652 Lib.
1681 2633 1703 2653 1.
