1951 3085
356 198 718 258 AESTUS
777 197 1309 257 MARITIMI.
1413 204 1483 270 *63

185 307 381 383 Aquilo
411 322 587 361 contra
605 349 621 376 ,
661 306 713 363 ἃ
734 305 935 360 Circius
964 306 1004 360 fi
1023 307 1236 360 violenti
1262 307 1361 360 sint
1381 305 1432 364 &c
1452 308 1563 361 diu-

183 387 323 439 turni
348 406 486 439 mare
513 384 803 460 deprimunt
821 426 837 454 ,
876 384 927 441 ὅτ
955 388 1121 460 Syrtes
1150 386 1430 461 Breviaque
1456 405 1562 447 tna-2

186 466 294 529 jora
318 465 450 537 apud
477 484 569 516 nos
590 464 880 539 producunt
897 503 910 515 .

471 602 1186 643 SCHOLIVM.

102 714 109 717 “
215 707 418 760 Ropofitio
438 706 536 748 haec
558 704 797 762 'quibusdam
827 707 865 745 &
891 705 1052 760 quidem
1083 707 1238 761 magnis
1258 706 1365 746 Viris
1393 704 1475 747 visa
1502 705 1560 748 est

237 763 424 815 absurda,
454 766 572 806 Mare
606 763 750 805 scilicet
782 765 1002 805 Ventorum
1035 766 1230 818 ,majorum
1260 766 1302 805 vi
1333 779 1411 804 nou
1442 765 1559 804 valde

106 822 277 872 mutari,
297 822 323 861 si
346 821 493 863 aestum
515 822 624 862 suum
644 821 952 863 consideremus.
976 825 1134 864 Tamen
1154 822 1350 864 verissima
1371 822 1446 873 est,
1465 835 1561 863 nam

100 893 156 921 ex
178 878 389 930 mensuris,
412 882 549 935 quibus
573 894 751 935 tempore
773 881 966 934 majorum
978 884 1226 931 Ventorum,
1242 881 1282 920 ,ἃ
1294 882 1561 921 Procellarum

104 938 147 977 in
168 938 285 977 Portu
306 937 434 978 nostro
465 940 608 993 pluries
638 939 692 978 usi
723 937 851 978 sumus
872 969 884 990 ,
916 942 1171 995 cognovimus
1203 942 1319 979 Mare
1352 954 1430 979 non
1462 938 1562 978 mul-

105 1007 191 1035 tum
224 1008 317 1036 tunc
348 996 553 1041 ascendisse
578 1026 590 1047 ,
630 996 694 1036 seu
734 1010 813 1036 non
845 998 1017 1037 multum
1050 997 1192 1037 statum
1222 997 1332 1036 suum
1362 995 1561 1045 mutasse,

102 1066 224 1107 quem
243 1056 355 1094 Luna
376 1054 556 1108 praesens
574 1054 680 1094 illius
700 1056 888 1106 temporis
907 1055 1058 1093 ferebat
1078 1083 1088 1092 .
1121 1057 1254 1111 Qare
1276 1054 1301 1092 s1
1323 1056 1435 1093 Luna
1466 1066 1561 1093 tunc

101 1110 230 1150 fuisset
256 1111 296 1149 in
320 1113 603 1166 Quadraturis,
634 1125 713 1150 non
735 1112 914 1151 elevatae
945 1112 981 1149 &
1003 1124 1199 1152 tumentes
1216 1142 1228 1162 ,
1259 1111 1322 1152 sed
1355 1113 1457 1152 imae
1488 1111 1559 1151 hu-

100 1167 296 1221 milesque
318 1169 578 1208 cernebantur
602 1171 744 1221 Aquae
762 1199 771 1207 .
804 1170 926 1210 Ratio
944 1168 1099 1222 hujusce
1129 1171 1186 1210 rei
1217 1169 1269 1210 est
1290 1199 1302 1220 ,
1333 1170 1435 1223 quod
1456 1171 1560 1209 Ven-

100 1225 134 1266 ti
156 1225 276 1264 nostri
308 1238 349 1265 ut
371 1239 412 1265 ut
434 1228 569 1279 magni
591 1226 628 1264 8(
650 1226 815 1266 violenti
836 1225 922 1266 sunt
943 1226 1096 1282 semper
1116 1229 1217 1268 mari
1237 1227 1364 1267 nostro
1386 1227 1560 1267 acciden-

101 1283 223 1333 tales,
255 1296 381 1337 neque
413 1283 584 1325 caussam
615 1283 728 1322 illam
757 1285 984 1338 generalem
1007 1314 1018 1335 ,
1045 1300 1149 1339 quae
1172 1300 1194 1326 a
1215 1285 1433 1337 Systemate
1466 1284 1559 1324 Vni-

100 1340 201 1381 verfi
234 1342 376 1394 pendet
410 1342 545 1381 valent
576 1342 843 1383 interturbare
864 1373 874 1382 .
917 1345 1050 1398 Qare
1083 1343 1176 1382 dum
1208 1345 1325 1383 Mare
1357 1342 1463 1382 aestu
1493 1342 1560 1381 suo

99 1399 279 1453 procedit
302 1397 502 1452 superficie
525 1399 685 1453 quidem
709 1413 820 1439 tenus
841 1402 980 1440 Ventis
1000 1399 1210 1451 majoribus
1241 1399 1431 1453 crispatur
1448 1429 1461 1450 ,
1495 1398 1559 1440 seu

101 1454 290 1505 fluffluat,
322 1456 384 1496 sed
417 1471 439 1496 a
471 1456 581 1497 cursu
602 1455 666 1496 suo
695 1458 875 1511 generali
907 1471 987 1496 non
1009 1456 1268 1508 dimovetur,
1301 1456 1557 1511 quemadmo-

99 1513 195 1553 dum
217 1516 297 1552 Leo
319 1514 345 1552 fi
366 1527 498 1554 currat
512 1544 524 1563 ,
554 1515 676 1554 Venti
704 1513 868 1568 quidem
899 1515 1040 1569 Jubam
1061 1545 1073 1565 ,
1104 1516 1141 1554 8<
1160 1516 1261 1556 Pilos
1291 1513 1458 1569 crispare
1480 1545 1491 1565 ,
1522 1515 1560 1555 δε

99 1570 303 1611 dimovere
325 1572 548 1625 paullulum
567 1571 743 1626 possunt,
775 1587 797 1612 a
817 1573 927 1613 cursu
948 1586 1084 1613 tamen
1104 1572 1168 1613 suo
1189 1575 1334 1613 Feram
1355 1573 1559 1627 detorque-

98 1642 140 1670 re
170 1643 248 1669 non
272 1630 442 1681 valent;
475 1630 542 1670 vel
574 1630 714 1669 melius
745 1630 793 1670 ad
825 1645 912 1672 rem
941 1631 1111 1672 nostram
1132 1662 1143 1683 ,
1175 1631 1201 1671 st
1223 1632 1425 1671 Tabulam
1456 1632 1561 1685 pica-

97 1698 210 1736 tam,
240 1700 308 1727 aut
329 1702 486 1728 ceream
507 1688 743 1738 habeamus,
763 1703 850 1729 eam
875 1689 1035 1743 quidem
1056 1690 1188 1729 calore
1208 1703 1345 1730 manus
1365 1688 1558 1742 crispare,

101 1742 169 1785 seu
191 1743 301 1783 sulcis
322 1745 556 1798 quibusdam
579 1760 773 1786 excavare
795 1748 988 1798 possumus
1008 1777 1020 1797 ,
1051 1748 1250 1787 invariato
1272 1760 1407 1788 tamen
1438 1745 1558 1786 fundo

102 1802 284 1842 Tabulae
318 1803 358 1841 ni
389 1802 586 1855 depresso,
615 1801 949 1854 quemadmodum
981 1803 1086 1856 frugi
1118 1806 1242 1843 Boves
1273 1815 1404 1843 aratro
1436 1805 1558 1843 Cam-

99 1873 196 1914 pum
226 1859 337 1898 sulcis
358 1870 554 1899 excavant
576 1859 774 1897 invariata
796 1858 906 1898 fundi
937 1860 978 1898 ni
1009 1860 1222 1901 imminuta
1253 1860 1521 1914 profunditate
1543 1890 1556 1900 .

99 1921 165 1957 Ita
185 1918 309 1958 Venti
333 1916 503 1970 crispant
527 1915 688 1969 quidem
708 1918 825 1957 Mare
856 1918 898 1956 in
919 1915 1117 1971 superficie
1139 1947 1151 1968 ,
1182 1919 1220 1957 8<
1238 1918 1422 1959 mollibus
1445 1917 1556 1958 sulcis

100 1976 326 2029 complent,
357 1988 452 2029 quos
473 1972 613 2013 fluetus
638 1974 675 2012 8<
695 1973 815 2013 undas
834 1989 1020 2015 vocamus
1037 2005 1049 2026 ,
1080 1988 1217 2016 tamen
1235 1990 1258 2016 a
1279 1976 1377 2016 statu
1398 1976 1463 2016 suo
1493 1990 1557 2031 ge-

101 2034 228 2073 nerali
249 2047 326 2072 non
348 2032 579 2073 dimovent.
611 2033 729 2075 Hanc
759 2033 974 2073 veritatem
1005 2034 1193 2086 cognovit
1221 2034 1261 2073 8<
1289 2036 1456 2087 Joannes
1486 2034 1557 2074 Al-

100 2090 267 2145 phonsus
289 2090 464 2130 Borellus
495 2103 660 2144 magnus
679 2089 1017 2141 Mathematicus,
1049 2093 1115 2145 qui
1137 2093 1176 2131 in
1195 2092 1369 2145 quodam
1392 2090 1557 2132 Tratsta-

102 2161 145 2188 tu
175 2148 222 2189 de
254 2147 391 2188 Pisano
415 2148 562 2202 Stagno
595 2146 642 2186 ad
663 2148 725 2189 M.
748 2148 800 2187 D.
825 2149 1010 2191 Etruriae
1040 2147 1142 2202 (a),
1173 2149 1303 2190 asserit
1322 2179 1336 2200 ,
1366 2152 1484 2189 Mare
1515 2150 1557 2189 in

101 2206 255 2260 magnis
287 2204 467 2248 fluffibus
497 2203 623 2261 reipsa
654 2218 730 2244 non
761 2218 915 2249 tumere
936 2235 948 2256 ,
979 2205 1043 2246 sed
1072 2206 1231 2260 crispari
1255 2219 1411 2247 tantum
1431 2236 1444 2257 ,
1475 2206 1558 2247 imo

103 2263 335 2318 quandoque
359 2264 528 2317 deprimi
550 2293 562 2314 ,
593 2277 714 2317 quum
746 2264 851 2305 inter
881 2278 1042 2319 magnos
1065 2264 1149 2304 illos
1171 2262 1308 2303 fluetus
1338 2278 1554 2319 appareant

104 2322 250 2376 scopuli
271 2323 309 2360 &
331 2322 478 2363 herbae
499 2321 558 2361 his
578 2321 807 2372 haerentes,
837 2336 937 2377 quae
957 2334 1138 2376 tempore
1159 2323 1485 2376 tranquillitatis,
1515 2324 1554 2363 δε

104 2381 262 2430 majoris
283 2379 529 2435 depressionis
551 2394 629 2420 non
653 2381 894 2440 apparebant
914 2410 924 2421 .
957 2382 1140 2433 Tamen,
1160 2392 1202 2421 ut
1224 2394 1363 2422 verum
1391 2380 1521 2421 fatear
1538 2410 1552 2433 ,

1376 2441 1495 2480 Mare

143 2533 197 2570 (a)
219 2533 378 2564 Relazione
396 2535 477 2574 sopra
497 2535 526 2564 lo
544 2535 651 2575 Stagno
666 2535 695 2566 di
711 2534 788 2565 Pisa.
809 2536 844 2564 In
859 2533 1028 2564 Collefiione
1041 2533 1208 2572 Ακὲῗονιηη,
1228 2535 1280 2575 qui
1293 2534 1330 2564 de
1344 2535 1430 2563 Nlotu
1443 2535 1551 2571 Aquar.

257 2584 383 2612 egerunt.
405 2575 526 2605 Tom.1.
547 2585 611 2615 pag.
625 2575 689 2613 308.
710 2575 791 2604 Edit.
807 2574 928 2604 Floreat.
952 2583 1036 2613 1733.
