1951 3085
452 227 826 286 M1st
910 227 1293 288 NoT13.'
1460 251 1512 303 15

450 408 1269 461 CAPVTVII.

136 515 369 558 CORNV
403 519 707 560 HAMMONIS
752 521 1016 558 LITTORIS
1050 516 1428 560 ARIMINENSIS
1470 524 1591 561 ERE⁴

203 586 378 627 CTVM,
415 588 703 626 VVLGARE,
739 583 1044 623 STRIATVM,
1082 583 1355 620 SILIQVAM
1388 579 1592 625 RAPHA÷

200 644 390 675 NISTRI
429 641 863 675 PERFECTISSIME
902 640 1209 671 REFERENS.

127 748 166 786 ΔΙ.
345 748 473 788 Ocavi
496 749 632 787 Cornu
652 748 897 788 'Hammonis
929 747 1163 803 singularem
1186 747 1285 788 hanc
1307 749 1468 790 Testam
1502 765 1588 806 pro-

232 752 288 884 ἱ]
363 819 452 860 pter
482 807 648 847 rationes
682 808 719 846 in
752 807 1001 861 praecedenti
1025 809 1169 861 Capite
1203 808 1342 847 allatas
1363 839 1373 847 .
1409 809 1586 863 Vulgare

362 877 569 918 praeterea
591 866 792 920 appellavi
828 866 929 920 quod
954 866 1307 920 frequentiflinium
1328 866 1374 906 sit
1394 869 1432 906 in
1455 867 1585 907 nostro

133 921 361 963 Sedimento
383 953 393 971 ,
427 938 467 963 ut
490 923 536 964 ad
558 926 801 978 noningenta
826 926 863 964 in
884 925 962 964 illis
985 926 1048 965 lex
1072 926 1191 963 unciis
1225 926 1552 978 deprehenderim
1574 954 1586 965 .

128 979 336 1021 ,Strustura
367 981 419 1022 est
452 995 493 1022 ut
514 983 552 1021 in
575 983 848 1036 praecedenti,
890 983 949 1021 led
975 984 1205 1036 plerumque
1229 997 1364 1035 corpus
1383 985 1588 1036 oblongius

132 1037 186 1077 est
205 1069 216 1089 ‚
251 1052 291 1077 ut
314 1039 442 1092 plures
462 1039 757 1081 interleffiones
771 1054 1056 1080 numerentur.
1094 1042 1299 1080 Praeterea
1332 1039 1507 1080 striatum
1533 1040 1587 1081 est

133 1096 175 1136 in
205 1097 453 1151 longitudine
473 1126 484 1146 ,
518 1111 559 1137 ut
581 1098 758 1152 siliquam
782 1097 1035 1153 Raflmnistri
1060 1098 1330 1138 Tournefortii
1364 1099 1401 1138 8<
1423 1098 1587 1139 Moriso-

131 1155 196 1205 ni,
227 1153 291 1195 seu
312 1155 482 1210 Rapistri
506 1157 671 1196 aliorum
695 1158 976 1197 Botanicorum
1009 1154 1084 1210 (a)
1117 1154 1391 1210 perfeffiffime
1415 1157 1587 1208 referat,

131 1223 175 1252 ut
196 1213 236 1252 in
257 1215 452 1268 exemplis
483 1214 550 1253 sub
573 1215 696 1269 figura
719 1217 787 1254 VI.
810 1216 1004 1256 contentis
1034 1229 1195 1255 cernere
1217 1216 1308 1254 licet
1328 1245 1339 1254 .
1373 1215 1499 1266 Hujus
1520 1228 1587 1254 va-

130 1270 189 1310 ria
212 1269 297 1311 sunt
322 1285 467 1324 genera
488 1301 500 1322 ,
531 1273 609 1313 alia
640 1273 815 1325 longiora
848 1275 884 1311 8<
916 1273 1131 1326 strigofiora
1150 1301 1163 1320 ,
1196 1285 1238 1310 ut
1259 1285 1307 1311 ea
1327 1285 1426 1325 quae
1459 1273 1586 1313 Litte-

128 1329 182 1368 ris
202 1330 237 1367 G
260 1329 296 1367 8<
316 1331 359 1368 H
392 1328 478 1369 sunt
499 1343 707 1379 contenta,
741 1330 817 1369 alia
840 1330 1020 1369 breviora
1051 1330 1087 1368 8<
1110 1329 1288 1368 craffiora
1309 1358 1320 1378 ,
1353 1341 1395 1368 ut
1417 1343 1462 1369 ea
1483 1344 1586 1384 quae

129 1385 272 1426 litteris
293 1388 328 1425 E
351 1387 388 1425 8<
411 1388 442 1425 F
475 1387 633 1429 Tabula
655 1390 687 1426 1.
719 1388 988 1428 continentur.
1023 1385 1232 1442 Quaedam
1252 1385 1414 1425 istorum
1436 1388 1586 1428 habent

129 1444 282 1498 apicem
305 1444 536 1485 uncinatum
556 1446 597 1485 in
619 1445 879 1485 extremitate
900 1474 913 1496 ‚
944 1445 1012 1498 qui
1033 1445 1082 1483 ab
1104 1444 1248 1497 Operis
1279 1443 1366 1483 heic
1399 1458 1476 1484 non
1508 1445 1584 1486 fuit

127 1501 345 1555 expressus.
369 1503 556 1542 Tertium
576 1503 742 1557 denique
764 1517 900 1543 eorum
923 1502 976 1542 est
998 1516 1117 1556 genus
1137 1502 1253 1555 plane
1275 1501 1473 1542 diversum
1496 1503 1583 1544 heic

126 1560 278 1614 pariter
308 1559 441 1613 figuris
473 1575 551 1600 non
577 1561 796 1615 expressum
819 1593 830 1613 ‚
860 1560 964 1615 quod
998 1557 1292 1602 intersefflones
1313 1561 1489 1600 invicem
1520 1560 1584 1601 ad-

126 1617 290 1658 modum
321 1617 519 1659 distanteis
549 1618 671 1659 habet
691 1649 703 1670 ,
734 1621 771 1658 8<
792 1623 971 1673 Corpora
1002 1619 1047 1658 iis
1079 1620 1299 1672 intercepta
1331 1631 1410 1657 non
1444 1617 1584 1659 sensim

126 1674 351 1716 decrescunt
373 1705 385 1726 ,
416 1675 479 1717 sed
512 1677 733 1717 internodia
763 1677 934 1731 oblonga
958 1706 970 1728 ,
1001 1677 1037 1715 8<
1058 1676 1283 1731 geniculata
1305 1674 1473 1715 ostendit
1495 1706 1507 1727 ‚
1539 1689 1583 1717 ut

128 1732 269 1773 accidit
301 1733 341 1772 in
361 1735 492 1787 parvis
515 1735 714 1775 Calamis.

183 1792 237 1828 Π.
271 1790 398 1841 Hujus
420 1790 604 1830 Testacei
624 1804 745 1843 genus
767 1791 888 1830 foffile
919 1792 1114 1844 reperitur
1133 1791 1258 1829 etiam
1286 1792 1326 1828 in
1347 1792 1484 1829 Arena
1502 1792 1583 1830 Co-

125 1846 292 1901 vignani
316 1847 420 1886 inter
438 1849 571 1900 priora
603 1848 671 1887 illa
702 1847 863 1885 Cornua
885 1847 1148 1896 Hammonis;
1180 1847 1221 1884 in
1243 1847 1386 1886 Arenis
1417 1860 1512 1886 vero
1543 1848 1582 1886 8<

125 1905 265 1945 Terris
297 1903 464 1943 aliorum
484 1905 682 1944 montium
703 1934 716 1957 ‚
745 1918 844 1959 quae
876 1903 1069 1945 Testacea
1099 1904 1302 1944 continent
1332 1903 1486 1943 nullum
1515 1904 1580 1945 ad-

125 1962 200 2003 huc
221 1961 482 2016 deprehendi.

572 2172 897 2240 &Quffiu
923 2172 1041 2240 &a
1065 2173 1131 2240 ἕ

145 2445 199 2481 (a)
223 2444 439 2483 Rapham‘slmm
447 2446 558 2486 siliqua
574 2444 731 2475 articulata
745 2443 848 2484 glabra
862 2445 968 2473 Moris.
989 2440 1065 2473 Hist.
1076 2444 1175 2473 Oxon.
1187 2442 1250 2472 Par.
1262 2453 1287 2472 2.
1303 2454 1331 2484 p.
1345 2445 1409 2483 265.
1430 2444 1576 2475 Tournef.

261 2494 274 2512 2
280 2493 323 2521 30.
347 2486 506 2525 Rapissmm
516 2487 586 2523 flore
599 2484 664 2514 albo
672 2484 785 2521 striato.
806 2484 910 2524 Sinapi
924 2482 1023 2524 agreste
1035 2481 1136 2512 album
1156 2484 1265 2523 Traga.
1287 2484 1311 2514 Ι.
1322 2485 1355 2514 Β.
1374 2495 1399 2514 2.
1415 2485 1481 2522 851.

1414 2593 1518 2635 CA-
