1951 3085
454 157 575 253 '76
809 180 1567 238 SPECIMEN·

426 295 555 337 wardi
575 292 752 343 Affecla,
770 302 814 331 ut
833 291 903 331 has
923 289 1109 331 minutias
1129 289 1296 344 pandas,
1329 301 1440 331 tanto
1462 301 1677 346 apparatu,
1700 291 1738 331 8(
1760 295 1874 333 tanta

425 354 522 395 sacri
542 352 698 393 Codicis
717 351 754 390 8<
774 348 1071 403 Prophanorum
1096 349 1338 403 Scriptorum
1362 347 1636 400 Auectoritate,
1660 363 1781 404 quum
1803 350 1878 391 hoc

427 423 557 452 totum
577 422 662 451 tam
681 408 787 449 facili
807 407 989 462 negotiO,
1010 407 1047 445 8(
1066 405 1145 446 solo
1168 407 1340 448 naturali
1365 407 1491 446 Maris
1511 407 1655 448 receffu
1677 409 1790 462 poffit
1811 420 1879 448 ex-

426 470 566 525 plicari
589 469 602 509 ?
636 469 790 509 Verum
809 479 906 520 pace
925 464 1067 504 horum
1084 466 1260 505 virorum
1281 465 1410 505 dicam
1433 479 1523 505 cum
1544 467 1762 517 Terentio,
1784 466 1879 506 dum

427 529 525 569 haec
546 538 657 568 acute
680 525 807 566 dicere
827 522 1036 575 videntur,
1066 537 1140 564 nae
1166 523 1315 563 faciunt
1338 523 1600 578 intelligendo
1632 535 1675 563 ut
1695 523 1795 564 nihil
1825 525 1880 563 in-

427 587 613 642 telligant
634 615 644 625 .
677 586 791 625 Nam
815 582 941 637 ‘probe
974 582 1016 621 in
1047 581 1222 621 medium
1255 583 1371 622 Sacer
1402 582 1544 621 Codex
1579 581 1814 633 adducitur,
1843 582 1881 620 8(

427 646 548 699 probe
571 644 695 684 etiam
714 642 882 684 aliarum
903 640 1095 680 Gentium
1126 639 1283 680 fabulae
1317 640 1533 681 afferuntur
1553 669 1565 690 ,
1595 654 1694 694 quae
1726 655 1749 681 a
1779 640 1882 680 veris

426 702 617 743 Historiis
637 701 744 741 Sacri
767 699 926 740 Codicis
947 698 1104 738 fuerunt
1125 697 1305 738 detortae
1319 728 1330 748 ,
1362 699 1399 737 8(
1419 698 1657 752 depravatae
1679 728 1690 749 ,
1721 711 1815 737 nam
1838 698 1882 737 li-

426 773 491 800 cet
512 761 569 800 ita
591 759 767 799 detortae
799 758 836 795 8(
857 756 1095 810 depravatae
1116 786 1128 807 ,
1162 755 1388 797 consensum
1409 768 1543 798 tamen
1566 756 1779 810 quemdam
1801 756 1883 796 uni-

427 817 622 859 versalem
643 817 824 856 omnium
837 815 1077 868 Populorum
1101 813 1147 854 de
1168 815 1337 856 veritate
1352 814 1507 854 Diluvii
1528 814 1753 854 ostendunt.
1777 816 1883 868 Qua-

427 890 470 918 re
491 874 652 916 admissa
671 875 841 915 veritate
861 873 1041 923 Diluvii,
1073 886 1194 926 quam
1215 887 1332 913 nemo
1354 871 1463 912 sanus
1495 873 1532 912 8<
1553 873 1640 926 pius
1671 884 1815 927 negat,
1847 873 1883 911 8(

427 934 541 974 simul
572 932 734 974 admisso
756 928 938 971 consensu
959 931 1139 969 omnium
1159 931 1399 984 Populorum
1413 960 1424 982 ,
1445 930 1547 985 quod
1569 930 1740 970 multum
1762 930 1884 970 etiam

428 992 505 1044 est,
536 1003 698 1046 apparet
720 989 971 1031 Noachicum
994 988 1297 1042 Cataclysmum
1330 1001 1470 1043 quater
1495 989 1651 1030 circiter
1678 987 1787 1028 mille
1819 1001 1884 1028 an-

429 1051 490 1091 nis
511 1050 677 1090 abheinc
697 1046 922 1100 contigisse,
944 1060 1046 1085 anno
1059 1044 1206 1087 scilicet
1228 1046 1437 1088 milleiimo
1450 1046 1764 1102 quingentesimo
1775 1045 1885 1101 quin-

388 1110 395 1120 *
432 1107 660 1163 quagefimo
681 1105 794 1145 sexto
815 1104 863 1143 ab
884 1103 992 1143 Orbe
1012 1102 1167 1143 condito
1189 1133 1197 1143 .
1231 1105 1348 1160 Quod
1371 1117 1525 1159 tempus
1548 1119 1665 1145 omne
1687 1120 1709 1146 a
1729 1104 1885 1145 condito

432 1164 626 1205 Vniverso
658 1163 725 1204 sex
746 1162 873 1203 millia
893 1163 1104 1200 Annorum
1135 1175 1213 1200 non
1234 1162 1389 1201 excedit
1409 1193 1421 1212 ,
1448 1163 1474 1202 fi
1499 1165 1681 1202 Textum
1714 1163 1883 1203 Hebrai-

432 1236 521 1263 cum
543 1252 555 1274 ,
585 1223 622 1262 8(
642 1221 861 1275 Vulgatam
880 1218 1111 1259 Versionem
1142 1220 1249 1258 Sacri
1270 1218 1428 1258 Codicis
1460 1218 1669 1272 sequamur
1690 1248 1701 1269 ,
1732 1221 1768 1258 8(
1798 1217 1886 1260 οὸὶο

431 1281 560 1322 millia
582 1292 773 1320 annorum
795 1290 872 1317 non
893 1275 1089 1331 superabit
1110 1276 1135 1315 si
1163 1287 1279 1317 LXX.
1294 1279 1565 1331 Interpretum
1586 1275 1815 1318 Leffionem
1835 1276 1888 1318 se-

431 1352 622 1394 quemur.
657 1341 791 1394 Quare
813 1347 976 1390 apparet
998 1348 1153 1389 tempus
1185 1347 1354 1389 quatuor
1377 1335 1547 1375 millium
1569 1336 1779 1375 Annorum
1805 1334 1889 1390 post

429 1397 625 1438 diluvium
644 1410 721 1435 non
742 1394 911 1434 sufficere
932 1392 980 1432 acl
1000 1393 1209 1434 Recessum
1223 1394 1347 1433 Maris
1369 1408 1391 1433 a
1413 1393 1618 1434 Montibus
1639 1394 1885 1446 ApenniniS,

433 1469 562 1508 neque
584 1453 744 1493 sufficiet
765 1464 919 1504 tempus
939 1450 1165 1490 universum
1192 1462 1306 1491 LXX.
1321 1454 1617 1506 Interpretum,
1647 1452 1741 1492 licet
1761 1452 1888 1494 decies

431 1513 559 1553 fuisset
579 1511 753 1565 longius.
786 1511 901 1549 Nam
921 1522 1043 1563 quum
1064 1510 1180 1549 Mare
1213 1509 1261 1550 ab
1283 1510 1389 1550 Vrbe
1410 1510 1538 1550 nostra
1570 1509 1695 1564 spatio
1716 1510 1886 1551 duorum

431 1570 606 1613 millium
627 1571 837 1610 Annorum
860 1568 896 1605 &
917 1567 1084 1621 amplius
1102 1596 1114 1618 ,
1145 1581 1195 1607 ex
1218 1581 1293 1621 quo
1324 1566 1778 1623 scilicepRomanorum
1810 1569 1887 1608 Co—

431 1630 539 1669 lonia
569 1629 646 1668 huc
667 1624 831 1668 deducta
853 1624 931 1677 est,
960 1626 1032 1666 vix
1063 1639 1108 1665 ac
1138 1639 1187 1665 ne
1210 1626 1279 1665 vix
1300 1625 1461 1679 quidem
1491 1625 1601 1665 mille
1622 1625 1747 1680 paffus
1769 1626 1888 1667 reces-

431 1686 547 1738 serit,
578 1687 614 1726 8(
636 1700 658 1726 a
678 1687 899 1734 Ravenna,
930 1683 997 1723 ubi
1018 1682 1143 1736 major
1163 1682 1216 1725 est
1235 1684 1417 1724 Receffus
1439 1713 1450 1735 ,
1481 1685 1552 1724 vix
1584 1684 1632 1725 ad
1663 1684 1740 1724 tria
1762 1685 1890 1724 millia

432 1745 608 1800 passuum
629 1743 851 1794 recesserit,
882 1743 919 1781 8(
939 1755 1060 1795 quum
1081 1743 1303 1783 Cacumina
1327 1742 1630 1795 Apenninorum
1659 1751 1819 1782 XXXV.
1852 1743 1889 1782 8<

432 1802 590 1843 fortaffe
626 1813 706 1842 XL.
729 1801 855 1839 millia
877 1799 1052 1852 passuum
1084 1812 1106 1837 a
1127 1799 1235 1837 Mari
1258 1798 1387 1839 nostro
1417 1798 1560 1840 distent
1579 1828 1592 1851 ,
1621 1810 1733 1854 patet
1763 1800 1889 1841 talem

431 1859 640 1901 Receffum
660 1858 787 1898 Maris
819 1872 840 1897 a
863 1857 1010 1897 vertice
1042 1855 1201 1894 illorum
1224 1857 1427 1898 Montium
1446 1886 1459 1908 ,
1489 1871 1538 1897 ne
1571 1856 1694 1911 spatio
1726 1857 1889 1912 quidem

439 1922 595 1959 LXX‘X.
610 1916 783 1957 millium
804 1928 999 1955 annorum
1020 1914 1104 1954 fieri
1124 1913 1286 1967 potuisse
1299 1943 1308 1953 .
1343 1917 1457 1972 Qae
1470 1916 1594 1955 Aetas
1614 1915 1740 1956 decies
1760 1917 1797 1956 8(
1810 1930 1891 1958 am-

436 1977 538 2031 plius
559 1975 683 2029 major
702 1973 756 2016 est
776 2003 787 2025 ,
818 1986 939 2027 quam
958 1983 1066 2012 aetas
1085 1971 1266 2012 Vniverfi
1279 2001 1290 2022 ,
1321 1973 1444 2013 etiam
1464 1972 1576 2025 juxta
1592 1973 1824 2014 Versionem
1846 1975 1890 2015 il-

433 2035 516 2075 lam
544 2045 660 2075 LXX.
682 2035 952 2086 Interpretum
966 2060 975 2068 .
1009 2032 1144 2086 Quare
1162 2029 1370 2071 dicendum
1393 2031 1617 2084 Conchylia
1637 2031 1706 2073 illa
1720 2061 1733 2083 ,
1752 2033 1789 2072 8(
1811 2046 1892 2074 ma-

433 2094 538 2133 rinas
558 2092 719 2133 exuvias
739 2090 867 2132 varias
887 2118 899 2140 ,
931 2101 1030 2142 quae
1063 2088 1104 2128 in
1136 2087 1210 2127 illis
1232 2088 1439 2129 Montibus
1470 2087 1719 2144 reperiuntur
1751 2103 1891 2145 quater

436 2151 602 2193 abheinc
625 2149 734 2189 mille
758 2149 869 2188 annis
889 2162 912 2188 a
931 2146 1097 2187 Diluvio
1118 2146 1327 2187 Noachico
1357 2148 1437 2187 illic
1455 2147 1564 2188 fuisse
1589 2147 1805 2202 asportatas
1818 2179 1830 2200 ,
1849 2161 1893 2191 ut

437 2209 539 2249 ratio
570 2208 677 2247 Sacri
699 2205 856 2246 Codicis
876 2235 888 2257 ,
919 2205 956 2243 8(
981 2202 1197 2245 Consensus
1227 2204 1309 2245 fere
1339 2207 1518 2245 omnium
1540 2206 1777 2260 Populorum
1808 2206 1894 2248 sua-

439 2267 529 2317 det,
561 2265 664 2320 quod
695 2265 731 2304 8(
752 2262 891 2305 diserte
912 2262 1095 2318 probavit
1112 2262 1397 2303 Woodvvardus
1428 2276 1563 2304 contra
1594 2264 1774 2305 'Fabellas
1805 2266 1893 2306 illas

437 2325 624 2374 Burneti,
644 2337 738 2377 quas
757 2322 823 2363 iste
846 2336 869 2362 a
889 2321 1058 2362 Patricio
1079 2320 1207 2361 nostro
1227 2320 1441 2363 detorserat
1460 2352 1470 2362 .
1503 2324 1594 2362 Huc
1617 2321 1713 2363 adde
1736 2322 1892 2365 univer-

436 2381 519 2422 sum
541 2381 885 2423 Mediterraneum
905 2383 1020 2422 Mare
1052 2393 1128 2419 una
1158 2393 1247 2420 cum
1268 2380 1420 2421 Sinibus
1441 2379 1513 2420 suis
1543 2381 1724 2420 omnibus
1755 2394 1891 2423 recens

443 2439 598 2491 videri,
628 2439 755 2479 multo
786 2453 929 2493 nempe
960 2437 1042 2492 post
1061 2438 1315 2478 Noachicum
1333 2440 1633 2492 Cataclysmum
1655 2450 1795 2479 natum
1826 2440 1894 2482 vel

439 2496 598 2549 aufflum
619 2526 632 2550 ,
661 2512 711 2539 ex
733 2496 971 2552 disruptione
1003 2494 1148 2537 scilicet
1180 2498 1332 2538 Oceani
1354 2497 1551 2540 Atlantici
1583 2495 1686 2539 faeta
1717 2497 1766 2538 ad
1797 2499 1889 2540 Cal—

1700 2569 1777 2611 pen
1797 2557 1835 2597 8(
