1951 3085
478 219 530 268 52
754 199 1462 257 SPECIME--N

396 314 563 363 Vncias,
593 310 659 351 seu
678 308 841 350 Pollices
872 318 1015 349 vocant
1037 337 1049 358 ,
1080 306 1304 362 dispescitur
1326 335 1338 357 ,
1368 305 1405 344 8<
1435 305 1606 361 singulae
1627 304 1774 347 Vnciae
1804 308 1848 347 in

399 372 535 411 decem
566 369 660 410 alias
691 368 861 423 parteis,
893 380 993 421 quae
1011 367 1151 406 Grana
1182 366 1247 406 vel
1278 365 1426 404 Lineae
1457 378 1646 405 vocantur
1665 394 1675 404 .
1709 366 1844 421 Qare

396 427 627 469 commodae
649 426 822 466 multum
853 425 903 466 ad
924 424 994 465 has
1025 438 1085 466 res
1117 423 1320 464 mensurae
1342 422 1516 475 nostrae,
1547 422 1640 478 quia
1670 423 1707 462 8<
1728 421 1849 476 majo-

396 499 456 527 res
488 487 524 525 8(
554 484 764 527 decimales
775 514 784 524 .

663 665 1446 733 PROPOSITIO
1538 665 1579 719 Ι.

397 789 582 855 fluxus
610 788 661 844 δε
685 785 924 842 Refluxus
944 827 957 852 ,
986 784 1066 836 seu
1093 783 1267 836 Aestus
1293 782 1581 835 maritimus
1602 782 1661 834 ad
1692 781 1861 835 Littus

475 870 789 940 Portumque
813 862 1036 915 Arimini
1066 877 1181 914 toto
1214 881 1348 913 anno
1385 860 1453 912 est
1483 862 1777 927 continuus,
1807 858 1860 917 ὅτ,

474 945 596 997 Diei
629 943 868 997 naturalis
903 940 1066 1014 spatio
1110 938 1184 994 bis
1218 938 1400 993 accidit
1423 940 1608 993 Fluxus
1635 980 1650 1008 ,
1692 937 1743 994 δε
1786 935 1858 988 bis

475 1021 744 1074 Refluxus.

763 1136 1480 1183 SCHOLIVM.

539 1243 614 1282 Vic
635 1242 892 1296 Propositioni
924 1240 980 1280 nil
1011 1240 1094 1280 fere
1127 1238 1314 1279 adnotare
1338 1237 1534 1291 possumus
1555 1266 1565 1277 .
1599 1239 1736 1294 Qium
1766 1237 1859 1278 dici-

561 1315 644 1340 mus
666 1299 791 1355 spatio
809 1300 904 1340 Diei
927 1297 1116 1338 naturalis
1136 1296 1193 1335 bis
1215 1295 1390 1337 accidere
1414 1308 1625 1350 utrumque
1642 1327 1653 1348 ,
1686 1297 1862 1336 Fluxum

400 1358 550 1399 scilicet
573 1360 608 1398 8<
632 1361 850 1400 Refluxum
871 1388 883 1408 ,
914 1356 954 1395 id
985 1355 1155 1409 intelligi
1177 1355 1357 1395 volumus
1388 1353 1512 1409 spatio
1544 1356 1862 1409 vigintiquatuor

403 1418 617 1466 horarum,
649 1416 766 1469 idque
788 1417 910 1456 etiam
934 1414 1015 1453 lato
1036 1413 1207 1467 quodam
1229 1412 1369 1463 modo,
1400 1427 1492 1453 nam
1516 1413 1714 1453 interdum
1735 1412 1861 1467 spatio

401 1473 566 1526 majori,
598 1475 797 1514 interdum
820 1473 962 1513 minori
996 1484 1161 1525 uterque
1184 1469 1400 1512 absolvitur
1418 1484 1432 1524 ,·
1466 1471 1703 1527 Plerumque
1725 1483 1866 1512 tamen„

400 1532 529 1587 spatio
548 1533 680 1586 paullo
700 1533 841 1586 majori
863 1530 1100 1572 absolvitur.

646 1607 1446 1702 PRoPos'erzo
1529 1644 1614 1696 Π.

401 1769 576 1834 Major
618 1780 788 1819 tamen
817 1767 887 1818 est
928 1766 1113 1819 Fluxus
1141 1766 1193 1818 δε
1219 1763 1458 1815 Refluxus
1487 1763 1539 1815 in
1565 1762 1868 1817 Noviluniis

480 1843 877 1910 &Pleniluniis,
920 1842 1069 1914 idque
1113 1840 1408 1911 praesertim
1452 1841 1600 1892 tertia
1636 1841 1713 1893 die
1755 1841 1868 1914 post

479 1920 859 1986 Novilunium,
892 1918 943 1972 &
967 1916 1078 1989 post
1103 1916 1440 1968 Plenilunium
1461 1958 1474 1983 ‚
1517 1937 1669 1991 quam
1700 1918 1752 1969 in
1773 1922 1867 1971 Lu<

480 2019 600 2066 nae,
630 2012 687 2049 ut
713 2010 896 2049 vocant
915 2038 930 2065 >
964 1994 1328 2062 Quadraturis.
1371 1995 1556 2066 fluxus
1579 1995 1786 2069 quidem
1813 1997 1867 2050 in

484 2075 712 2148 Syzyziis
745 2074 902 2147 duplo
937 2076 1100 2139 major
1130 2072 1231 2124 fere
1265 2071 1365 2141 est,
1407 2092 1560 2147 quam
1583 2074 1771 2127 Fluxus
1813 2074 1868 2128 in

484 2153 854 2222 Quadraturis.
896 2154 1072 2219 Quare
1114 2150 1152 2202 fi
1183 2152 1331 2202 Mare
1360 2151 1589 2203 ascendat
1616 2152 1676 2203 ad
1703 2153 1869 2228 vigin-

483 2234 748 2305 tiquatuor
774 2231 992 2295 VnciaS‚
1034 2228 1116 2280 seu
1148 2228 1382 2280 Polliceis
1413 2229 1771 2281 Ariminenseis
1814 2231 1867 2282 in

483 2309 783 2362 Novilunio
803 2350 817 2376 ,
859 2307 919 2359 ad
953 2305 1222 2358 duodecim
1252 2321 1450 2358 tantum
1477 2307 1661 2360 Vncias
1704 2307 1867 2359 ascen-

487 2387 571 2438 det
600 2387 650 2437 in
674 2386 999 2453 Quadratura
1018 2425 1030 2438 .
1073 2387 1147 2439 Ita
1168 2384 1502 2459 proportione
1520 2382 1650 2440 faffla
1673 2385 1869 2446 descen-¹

489 2464 574 2516 det
616 2464 669 2516 in
695 2463 933 2518 Refluxu.

1621 2575 1811 2616 SCHO-
