1951 3085
420 169 790 227 M1Nv‘s
875 171 1250 229 NoTis.
1423 183 1484 244 37

108 284 302 339 reperitur
333 281 434 336 apud
458 296 526 322 nos
557 282 651 322 licet
682 295 770 322 raro
791 283 945 323 Cancer
966 282 1062 323 alius
1093 282 1260 323 hirsutus
1292 283 1404 325 valde
1425 313 1437 335 ,
1469 299 1552 326 ma-³

108 356 227 397 gnus,
257 339 454 395 globosus,
485 342 596 394 niger
622 351 738 393 atque
762 352 846 380 toto
867 355 1023 394 corpore
1045 341 1245 392 horridus,
1276 356 1395 396 quem
1425 342 1554 384 nescio

106 414 156 439 an
178 397 317 438 Vrsum
338 429 349 449 ,
381 398 458 439 five
479 399 636 438 Malum
660 399 849 438 Punicum
868 399 1093 440 Rondeletii
1115 400 1244 440 dicam
1265 429 1274 439 .
1309 399 1496 440 Globosus
1519 416 1555 442 e-

106 458 191 496 nim
212 455 264 497 est
295 457 331 495 8<
351 470 514 510 magnus
548 470 590 497 ut
611 457 769 498 Malum
792 459 981 497 Punicum
1002 457 1146 498 referre
1168 457 1348 498 videatur
1370 487 1380 498 .
1412 460 1551 511 Secun-

106 513 155 554 do
175 515 261 554 loco
284 516 450 555 veniunt
470 514 770 568 frequentissimi
795 515 895 568 apud
915 528 983 553 nos
1006 516 1151 553 Cancri
1173 515 1231 554 illi
1253 516 1439 569 majores,
1461 532 1554 572 quo=

105 586 195 612 rum
217 574 404 614 Feminae
428 573 563 612 nostris
584 574 620 612 8<
642 574 803 613 Venetis
836 569 1048 611 Granceole
1073 571 1275 622 dicuntur,
1307 588 1405 626 quae
1426 576 1466 614 in
1488 590 1554 616 ex·⁵

106 632 311 671 tremitate
333 631 476 672 caudae
509 631 572 668 ubi
598 642 682 670 ova
702 628 853 683 gestant
885 628 972 668 sunt
1003 628 1231 682 personatae
1253 630 1289 668 ὃ(
1310 630 1434 683 ipsae.
1468 635 1553 672 Has

104 688 381 728 Aldrovandus
401 689 574 725 Cancros
597 687 748 740 MajaS,
780 685 843 727 seu
863 687 1031 740 Paguros
1056 685 1210 727 secundi
1232 690 1385 741 generis
1409 690 1553 729 vocitet·-

102 747 183 785 vit.
216 746 273 784 At
295 746 465 798 Pagurus
487 744 595 783 nobis
617 745 693 795 est,
725 746 792 798 qui
823 745 860 783 8<
883 746 1137 799 Granciporro
1170 747 1326 786 Cancer
1346 747 1442 786 alius
1473 761 1551 787 non

99 803 159 842 ita
179 815 343 856 magnus
364 831 376 852 ,
407 803 473 856 qui
504 802 637 842 similis
668 803 781 844 valde
813 801 864 843 est
897 803 1051 841 Cancro
1084 802 1289 854 fluviatili,
1320 803 1382 843 sed
1401 804 1551 856 major,

103 861 229 900 flavus
260 860 297 898 8<
317 860 433 901 ruber
463 872 580 914 atque
602 860 752 914 punfflis
773 862 895 915 nigris
914 872 1071 900 notatus
1092 890 1101 899 .
1136 862 1243 900 Huic
1275 862 1389 902 valde
1422 863 1548 903 affinis

100 918 154 958 est
173 919 329 958 Cancer
349 918 446 958 alius
469 918 672 972 lubniger,
703 918 766 959 sed
789 919 932 959 cortice
954 918 1143 972 quadrato
1165 948 1174 958 .
1208 920 1288 958 Hic
1310 919 1462 974 lemper
1493 921 1547 961 al-

99 987 184 1016 tero
206 976 336 1015 minor
354 975 407 1015 est
426 1005 435 1015 .
472 977 613 1030 Paguri
634 990 772 1017 revera
797 977 883 1016 sunt
915 988 1078 1028 utraque
1099 976 1196 1016 haec
1217 979 1463 1017 Cancrorum
1483 992 1549 1031 ge-

97 1047 218 1082 nera,
250 1047 371 1087 quum
383 1034 576 1086 Scopuhs,
597 1035 811 1087 Lignisque
836 1032 1116 1072 Aedificiorum
1137 1034 1430 1073 maritimorum
1451 1034 1548 1075 sem-

95 1104 167 1145 per
186 1091 438 1131 inhaereant.
473 1094 582 1130 Inter
601 1092 769 1132 minores
790 1092 964 1131 Cancros
986 1103 1104 1129 unum
1127 1089 1245 1130 semel
1268 1092 1402 1132 inveni
1425 1106 1548 1145 parvo

98 1150 278 1202 Corpore
294 1178 306 1198 ‚
338 1145 399 1189 sed
419 1148 644 1203 longissimis
668 1149 831 1189 Pedibus
850 1179 862 1199 ,
893 1160 932 1189 at
955 1148 1197 1189 brevioribus
1217 1147 1355 1190 Chelis
1369 1180 1380 1200 ‚
1412 1150 1479 1205 qui
1499 1149 1548 1191 ad

98 1207 275 1246 Cancros
296 1207 497 1256 Amnem,
527 1206 590 1247 vel
613 1207 660 1246 ad
682 1207 968 1260 Brachychelas
988 1206 1217 1246 Rondeletii
1239 1207 1376 1246 referri
1403 1208 1545 1262 poffet.

96 1264 279 1304 Cancelli
306 1264 406 1317 apud
426 1278 494 1304 nos
524 1278 613 1304 raro
643 1277 850 1304 occurrunt
872 1294 881 1304 .
914 1265 1174 1317 Frequentim
1196 1264 1276 1304 vidi
1299 1266 1473 1305 Cancros
1504 1266 1548 1305 il-

95 1321 153 1361 los
176 1321 380 1371 minimos,
413 1323 480 1375 qui
500 1322 540 1361 in
562 1322 698 1362 alienis
718 1321 847 1362 Testis
867 1322 1030 1372 vivunt,
1060 1321 1106 1360 de
1129 1322 1267 1375 quibus
1289 1323 1546 1364 Rondeletius

97 1379 217 1420 Libro
240 1393 317 1419 XVI
331 1393 347 1418 1
362 1393 396 1418 1.
429 1381 529 1433 Cap.
543 1394 609 1419 xv.

156 1438 233 1476 III.
266 1438 305 1476 Si
329 1436 543 1476 Methodus
566 1438 697 1491 aliqua
729 1433 947 1477 adhibenda
969 1435 1060 1476 effer
1092 1450 1169 1490 qua
1199 1436 1418 1489 hujusmodi
1450 1438 1547 1479 Ani·

95 1494 219 1533 malia
241 1495 280 1533 in
306 1506 430 1534 certas
442 1495 603 1535 Claffeis
625 1495 965 1544 distribuerentur,
997 1507 1039 1534 ut
1059 1494 1233 1535 fecerunt
1246 1497 1422 1536 Botanici
1444 1497 1546 1536 Her-

95 1551 163 1590 bas
195 1554 275 1592 luas
317 1553 411 1591 duce
446 1552 727 1594 Tournefortio
748 1583 760 1604 ,
787 1551 999 1601 'Crustacei
1030 1552 1151 1593 Pisces
1183 1554 1386 1593 commode
1419 1553 1542 1594 dividi

94 1609 243 1663 poffent
275 1610 313 1649 in
335 1610 536 1650 Rotundos
566 1612 603 1650 8<
633 1613 673 1651 in
695 1614 847 1666 Longos
868 1640 877 1650 .
911 1610 1086 1651 Rotundi
1109 1609 1173 1651 seu
1195 1612 1348 1651 Globofi
1380 1612 1542 1653 nomine

96 1670 279 1707 venirent
302 1669 446 1707 Cancri
468 1682 623 1708 omnes.
659 1670 850 1723 Oblongis
872 1682 966 1709 vero
987 1669 1105 1709 essent
1126 1669 1410 1709 annumerandi
1432 1669 1543 1709 Asta-

95 1724 154 1772 ci,
185 1726 418 1774 Cammari,
448 1727 645 1778 Squillae,
675 1728 712 1766 ὃ(
743 1728 819 1767 alia
838 1757 850 1777 ,
882 1740 1048 1780 quorum
1081 1729 1237 1767 varium
1269 1727 1321 1767 est
1352 1741 1497 1768 nomen
1528 1753 1540 1767 .

94 1781 234 1821 Nostri
266 1782 438 1820 Instituti
471 1783 586 1821 modo
617 1796 695 1821 non
726 1784 779 1820 est
819 1784 1121 1821 Crustaceorum
1153 1784 1383 1822 methodum
1415 1784 1505 1824 dare
1528 1811 1541 1834 ‚

92 1840 218 1878 multo
241 1840 369 1877 minus
390 1851 523 1877 eorum
547 1839 763 1877 Historiam
786 1837 953 1878 scribere
976 1868 986 1877 .
1019 1839 1168 1892 Aliqua
1189 1851 1322 1879 tamen
1354 1852 1395 1879 ut
1422 1842 1461 1879 in
1485 1840 1540 1880 su-

92 1897 310 1951 perioribus
342 1895 417 1936 feci
441 1920 452 1945 ‚
481 1895 518 1934 8<
548 1896 636 1935 heic
668 1910 718 1935 ex
740 1895 932 1935 Crustatis
951 1894 1126 1950 oblongis
1148 1897 1375 1936 memorabo
1396 1926 1407 1947 ,
1438 1912 1540 1951 quae

93 1954 195 2008 apud
216 1968 285 1993 nos
306 1965 533 1994 occurrunt.
567 1954 700 1993 Primo
729 1954 814 2008 loco
846 1953 899 1993 est
930 1954 1079 2007 Squilla
1104 1955 1256 1993 Mantis
1286 1954 1541 2008 frequentissi-

93 2025 185 2063 ma,
215 2013 382 2062 Nocchi,
414 2013 658 2061 cannot-chi,
689 2012 725 2051 8<
744 2012 975 2066 Sparnocchi
1007 2012 1117 2051 Italis
1137 2011 1260 2053 dieta.
1295 2014 1420 2065 Hujus
1440 2015 1542 2069 capi-

93 2081 158 2110 tur
190 2069 381 2110 immensa
402 2069 460 2109 vis
491 2069 591 2122 apud
612 2071 719 2109 Nos.
754 2071 843 2109 Hae
866 2071 962 2109 item
984 2070 1155 2124 Squillae
1178 2084 1254 2109 non
1278 2082 1360 2110 tam
1382 2072 1452 2110 vili
1472 2072 1541 2111 ha·

96 2128 261 2178 bentur,
292 2141 332 2167 ut
355 2129 499 2167 Cancri
520 2157 532 2177 ,
561 2127 788 2181 praesertim
813 2142 947 2168 earum
969 2130 1157 2167 Feminae
1180 2128 1334 2182 quando
1354 2143 1443 2168 cum
1463 2129 1542 2169 foe-

97 2199 142 2225 tu
163 2189 269 2225 lunt.
303 2188 418 2225 Tunc
440 2187 544 2225 enim
569 2186 649 2239 post
672 2186 829 2226 Ostreas
858 2187 897 2226 in
919 2187 1068 2226 Mentis
1089 2186 1233 2239 primas
1264 2198 1421 2225 tenent.
1454 2185 1541 2226 Post

98 2245 266 2284 veniunt
287 2243 458 2298 Squillae
481 2244 656 2295 Gibbae,
686 2259 852 2298 quarum
884 2245 984 2298 apud
1016 2245 1102 2283 Nos
1133 2244 1209 2284 tria
1240 2243 1325 2283 sunt
1357 2256 1537 2298 genera;

99 2303 278 2341 Primum
300 2304 535 2352 minimum,
554 2303 777 2342 vilissimum
793 2333 804 2353 ‚
824 2304 859 2342 8<
874 2303 1004 2342 Mami
1025 2301 1139 2341 valde
1160 2301 1305 2352 simile,
1327 2301 1429 2355 quod
1448 2306 1540 2341 Pre—

100 2361 213 2414 gadio
245 2361 363 2415 vulgo
385 2361 586 2414 appellant
606 2391 616 2400 .
648 2362 795 2414 Squilla
816 2361 914 2401 haec
946 2374 968 2399 a
989 2359 1242 2399 Pilcatoribus
1260 2372 1341 2400 rete
1373 2374 1450 2400 non
1481 2374 1540 2400 ca-

102 2419 240 2472 pitur3
275 2418 336 2459 led
358 2422 471 2459 Mare
503 2417 634 2459 mense
656 2421 805 2460 Martio
837 2418 917 2473 post
947 2418 1136 2458 Procellas
1167 2418 1269 2457 inter
1300 2418 1540 2474 Qnsquilias

100 2476 251 2528 rejicit,
283 2478 384 2520 inter
405 2491 499 2533 quas
529 2493 552 2521 a
582 2478 745 2519 Rustieis
776 2491 867 2519 tunc
888 2476 1087 2534 colligitur
1117 2476 1157 2515 in
1176 2490 1311 2518 eorum
1339 2480 1375 2516 8<
1395 2478 1542 2529 Paupe-

1398 2547 1485 2574 rum
