1951 3085
501 206 572 265 64
785 194 1485 257 SPECIMEN

422 316 539 356 Mare
570 312 741 352 nostrum
772 312 954 351 flantibus
985 313 1124 352 Ventis
1147 311 1417 352 Orientalibus
1437 340 1448 361 ,
1479 311 1516 350 ὃς
1545 310 1870 353 rvleridionalibus

423 374 549 426 inagis
570 382 721 422 tumet,
751 384 870 423 quam
893 371 1075 409 flantibus
1098 370 1418 411 Occidentalibus
1435 398 1446 418 ,
1479 370 1514 407 ὃ(
1537 371 1865 422 Aquilonaiibus3

421 431 459 468 ὃ(
491 429 601 481 hujus
619 429 675 468 rei
710 430 808 468 ratio
830 427 884 467 est
903 458 915 478 ,
946 430 1037 482 quia
1059 431 1175 468 Mare
1197 430 1390 482 Superum
1412 425 1567 466 Ostium
1591 429 1707 469 habet
1732 431 1874 468 Orien-

423 487 455 526 ti
476 516 487 536 ,
518 488 554 526 8<
576 486 902 527 Meridionalibus
927 486 1168 540 Regionibns
1188 487 1406 540 oppositum
1427 514 1438 534 ,
1469 499 1588 538 quare
1612 486 1634 524 li
1662 488 1775 526 Mare
1808 501 1873 525 no·

423 544 542 584 strum
565 557 725 599 repente
751 544 1007 595 intumescat,
1038 545 1101 584 vel
1124 547 1191 584 flat
1224 545 1287 584 vel
1309 543 1424 583 instat
1446 542 1587 583 Auster
1606 573 1618 594 >
1650 556 1715 583 aut
1741 543 1874 584 Subso-

423 602 534 642 lanus
554 633 566 653 ,
597 604 734 656 quibus
755 604 893 649 Ventis
925 602 1054 656 postea
1073 602 1212 642 Pluvia
1243 603 1476 656 plerumque
1499 599 1665 642 succedit
1688 631 1697 640 .
1731 604 1777 640 In
1809 616 1874 641 no-

424 660 507 700 stris
529 662 634 700 enim
656 661 898 714 Regionibus
919 660 1094 699 Austrini
1120 660 1237 700 Venti
1270 661 1305 699 8(
1334 659 1559 699 Orientales
1590 659 1760 700 nebulosi
1794 660 1876 713 plu-

423 719 481 758 vii
512 720 549 756 23<
568 718 770 772 procellofi
793 717 878 758 sunt
899 731 1060 769 omnes3
1093 718 1356 771 Aquilonares
1380 730 1515 757 contra
1537 718 1571 755 8(
1597 718 1876 758 Occidentales

424 775 581 826 sereni,
613 776 704 815 licet
726 776 925 829 procellosi
959 774 1156 815 interdum
1189 777 1225 814 8<
1257 776 1325 829 ipsi
1350 804 1359 814 .
1393 778 1538 814 Aratus
1571 790 1724 830 quoque
1759 777 1877 815 Poeta

425 834 621 882 Graecus,
653 834 719 886 qui
742 847 762 871 a
784 834 977 873 Cicerone
1010 835 1049 872 in
1070 834 1237 872 latinum
1259 834 1333 873 fuit
1358 832 1560 872 conversus
1594 833 1668 885 (a)
1701 836 1805 872 inter
1835 833 1876 872 fi-

424 904 501 945 gna
532 891 654 930 futuri
679 892 795 930 Venti
828 893 938 944 ponit
971 890 996 929 fi
1029 904 1139 930 mare
1167 890 1293 930 subito
1324 891 1554 944 penitusque
1591 889 1771 929 tumescit
1791 918 1803 940 ‚
1833 901 1878 930 ut

422 947 550 1002 reipsa
581 961 735 988 tumere
767 948 883 989 debet
914 949 953 987 in
981 949 1148 989 Graecia
1179 948 1345 988 instante
1378 947 1589 986 Sublolano
1623 948 1844 1001 Austroque
1865 977 1878 999 ‚

423 1008 613 1059 quoniam
636 1007 824 1047 Graeciae
846 1008 979 1046 Maria
1001 1006 1141 1046 ostium
1172 1007 1209 1045 8<
1229 1005 1309 1060 ipsa
1331 1006 1389 1044 his
1411 1006 1548 1047 Ventis
1573 1005 1718 1045 habent
1740 1007 1878 1045 obver-

421 1063 462 1103 sa
483 1093 492 1102 .
526 1063 666 1103 Flante
687 1064 887 1116 Aquilone
908 1064 945 1101 8<
967 1064 1288 1104 Occidentalibus
1312 1064 1451 1103 Ventis
1473 1093 1484 1112 ,
1517 1063 1541 1102 si
1564 1064 1605 1103 hi
1636 1064 1708 1102 sint
1742 1063 1877 1117 magni

422 1121 459 1159 8<
478 1121 676 1170 violenti,
706 1132 834 1162 tumet
865 1119 1026 1174 quidem
1058 1120 1158 1174 apud
1190 1135 1257 1160 nos
1290 1121 1338 1160 ab
1370 1122 1484 1160 initio
1516 1123 1634 1159 Mare
1655 1151 1666 1170 ,
1697 1134 1877 1162 attamen

420 1178 550 1232 postea
571 1178 811 1232 deprimitur
829 1207 841 1228 ,
876 1190 918 1217 ut
940 1179 1081 1218 Brevia
1103 1178 1229 1217 multa
1261 1180 1300 1217 in
1321 1179 1473 1216 Littore
1506 1190 1598 1216 tunc
1630 1189 1845 1230 appareant
1865 1207 1878 1228 ‚

420 1235 534 1290 pulsis
553 1233 699 1278 ,scilicet
720 1237 760 1276 vi
782 1235 927 1277 horum
952 1238 1173 1278 Ventorum
1193 1236 1241 1275 ad
1262 1233 1373 1274 Ostia
1394 1234 1542 1287 Aquis„

700 1342 1362 1406 PROPOSJTIO
1445 1341 1585 1392 XII.

417 1449 674 1526 Quolibet
703 1450 878 1502 Vento
903 1491 918 1516 ‚
958 1449 1118 1502 modo
1161 1451 1200 1503 is
1231 1449 1290 1500 sit
1322 1449 1600 1516 violentus,
1642 1450 1692 1505 ἃ
1718 1451 1877 1525 quali-

497 1527 581 1580 bet
624 1530 782 1579 Hora.
814 1525 1062 1579 fluctuans
1106 1525 1214 1578 fieri
1255 1527 1418 1597 potest
1462 1529 1613 1578 Mare
1648 1569 1662 1594 ‚
1704 1545 1877 1580 tamen

495 1605 658 1677 ipsum
683 1602 1122 1660 Fluffmationibus
1148 1604 1312 1678 magis
1336 1601 1623 1659 obnoxium
1643 1619 1875 1676 tempore

498 1684 683 1737 Fluxus
710 1682 937 1749 videtur,
979 1701 1133 1757 quam
1166 1697 1394 1752 tempore
1419 1680 1657 1733 Refluxus
1678 1725 1688 1734 .
1733 1685 1875 1749 Qua-

496 1779 548 1811 re
572 1764 735 1825 major
766 1760 989 1811 Malacia
1010 1801 1024 1825 ,
1065 1761 1146 1810 seu
1173 1758 1545 1830 Tranquillitas
1568 1758 1729 1809 Maris
1752 1759 1874 1811 sem-

495 1855 584 1908 per
606 1834 822 1887 succedit
844 1834 973 1906 apud
997 1854 1087 1886 nos
1115 1849 1344 1905 tempore
1372 1833 1612 1885 Refluxus
1629 1877 1643 1903 ‚
1676 1835 1874 1888 Aestate

497 1912 703 1987 quidem
745 1911 945 1964 summo
985 1931 1132 1964 mane
1163 1951 1179 1978 ,
1231 1909 1419 1963 Hieme
1460 1931 1583 1963 vero
1629 1913 1873 1965 Occiden-

493 2004 544 2043 te
585 1990 695 2043 Sole
715 2029 728 2042 .

785 2115 815 2151 s
874 2114 911 2151 c
971 2114 1018 2151 H
1069 2114 1105 2152 ο
1163 2113 1199 2152 L
1258 2113 1284 2153 1
1341 2117 1382 2154 V
1432 2087 1524 2152 M(

417 2194 801 2326 QVamquam,
832 2209 876 2239 ut
898 2195 1047 2238 dietum
1068 2197 1121 2239 est
1141 2198 1181 2238 in
1198 2200 1461 2254 Propositione
1483 2227 1494 2248 ,
1523 2199 1678 2241 nullum
1698 2201 1744 2241 fit
1769 2210 1868 2242 tem-

572 2270 639 2310 pus
660 2256 865 2297 definitum
886 2254 1223 2297 Fluffluationibus
1245 2288 1256 2308 ,
1288 2259 1324 2298 δε
1354 2257 1535 2299 Procellis
1556 2259 1682 2297 Maris
1702 2288 1714 2309 ,
1747 2273 1870 2312 quum

572 2314 647 2356 hae
668 2331 690 2357 a
711 2314 901 2356 violentia
923 2317 1143 2358 Ventorum
1162 2316 1403 2370 potissimum
1422 2313 1619 2372 pendeant
1640 2345 1652 2367 ,
1685 2317 1722 2355 &
1745 2317 1866 2356 Venti

1727 2374 1809 2414 nul-

458 2458 508 2497 (a)
531 2461 622 2500 Arar.
636 2460 668 2491 in
681 2460 833 2501 Prognqsl.
851 2466 940 2501 Σῆμα
958 2463 1042 2496 sirm
1060 2466 1172 2503 α’νέμοισ
1190 2466 1234 2501 mi
1253 2464 1409 2498 o’zsoesaswoe
1427 2466 1549 2496 θέλαωα
1674 2503 1679 2508 ⁵

756 2545 760 2549 .
854 2507 974 2538 misem
985 2530 992 2537 .
1040 2506 1130 2545 Quod
1140 2507 1251 2539 Cicero
1268 2508 1306 2540 sic
1325 2511 1418 2541 vertit
1439 2508 1470 2540 in
1481 2505 1577 2539 Lib.I.
1590 2504 1624 2537 de
1639 2504 1782 2537 Divinat-

611 2546 704 2580 Atque
718 2553 806 2572 eltam
821 2549 921 2576 Ventos
931 2549 1129 2586 praemonstrat
1143 2549 1229 2586 sin-pe
1242 2550 1357 2586 futuros

607 2582 744 2617 Inflatum
762 2585 862 2622 Mne,
884 2597 947 2616 cum
959 2586 1058 2626 ficbito
1072 2588 1241 2627 penitusque
1259 2591 1406 2628 tumescit.
