1951 3085
362 206 710 263 AESTUS
766 205 1254 263 MAR1T1M1.
1391 210 1450 256 61

160 317 348 370 tinetui·
375 335 387 376 3
428 316 506 368 sed
539 315 590 368 in
617 313 893 381 majoribus
915 311 1141 366 Aestibus
1165 355 1180 381 ,
1219 312 1301 366 seu
1342 312 1394 366 in
1421 314 1531 366 lon&

160 392 389 469 gioribus
419 393 656 446 Fluxibus
680 435 694 461 ,
736 392 786 449 ὅτ
812 390 1103 444 Refluxibus
1130 391 1385 443 interdum
1426 411 1530 442 ma-

160 491 213 522 re
242 490 327 542 per
357 471 473 522 treis
503 471 649 522 horas
692 470 921 544 quietum
950 468 1042 523 stat
1069 470 1213 521 nullo
1240 468 1432 523 ascensu
1459 467 1530 528 fa<

163 545 250 600 &o
291 549 371 599 vel
408 548 632 601 descensu
648 586 660 599 .

450 673 1164 713 scHOLIVM.

222 780 328 819 AEC
351 777 563 832 Propofitio
594 775 720 818 adfert
752 790 907 831 quoque
939 776 1086 831 aliquid
1117 778 1247 827 novi,
1277 776 1381 832 quod
1412 778 1531 818 Mare'

243 835 389 876 scilicet
421 837 525 876 inter
555 835 730 875 Fluxum
751 836 788 873 8<
812 836 1028 875 Refluxum
1056 849 1127 889 per
1148 835 1309 886 horam,
1339 836 1375 874 8<
1405 836 1526 888 inter-

83 894 179 934 dum
198 908 268 947 per
287 894 430 948 plureis
451 894 629 947 quietum
649 903 829 932 maneat.
863 893 1052 948 Quietem
1074 893 1198 944 hane,
1220 891 1282 932 seu
1307 905 1434 932 motus
1454 891 1529 932 ces-

83 951 275 991 sationem
295 954 335 991 in
348 953 456 991 Mari
476 965 578 991 novo
596 949 784 991 vocabulo
803 950 1063 1003 Aquistitium
1082 951 1410 1004 nuncupavimus.
1432 951 1530 989 Sunt

82 1010 192 1050 enim
213 1009 324 1050 rebus
344 1011 454 1049 novis
476 1023 578 1049 nova
598 1007 835 1060 imponenda
857 1009 1038 1046 nomina.
1072 1009 1331 1062 Qiamquam
1349 1021 1428 1045 non
1448 1020 1530 1045 om-

85 1068 179 1106 nino
200 1080 347 1107 novum
368 1065 421 1106 est
441 1080 548 1105 mare
569 1067 673 1105 inter
693 1063 866 1102 Fluxum
879 1091 890 1113 ,
911 1064 948 1101 8<
970 1064 1185 1102 Refluxum
1204 1063 1422 1116 paullulum
1442 1075 1529 1102 con-

84 1123 210 1164 sistere
224 1153 233 1162 .
267 1122 492 1162 Franciscus
512 1124 619 1162 enim
638 1121 805 1173 Bayleus
829 1120 993 1160 articulo
1014 1122 1068 1159 ΙΙ.
1094 1119 1140 1161 de
1162 1120 1282 1161 Aestu
1302 1121 1453 1161 Oceani
1472 1120 1532 1160 his

80 1181 214 1228 verbis
235 1181 410 1233 quietem
430 1180 530 1218 hanc
550 1179 701 1218 afferit:
736 1207 762 1228 „
781 1180 829 1216 In
851 1178 926 1218 fine
949 1177 1137 1228 affluxus,
1157 1178 1194 1216 8<
1209 1178 1385 1218 defluxus
1400 1179 1531 1230 Aqua·

83 1268 111 1292 3,
142 1251 230 1277 rum
253 1237 384 1277 tardus
404 1236 499 1278 adeo
519 1235 572 1276 est
598 1249 735 1275 earum
755 1247 882 1274 motus
901 1265 913 1286 ‚
945 1247 987 1274 ut
1008 1249 1078 1288 per
1098 1235 1249 1288 aliquot
1271 1236 1422 1274 minuta
1443 1248 1530 1274 con-

85 1325 114 1348 „
143 1295 268 1336 fistere
291 1294 471 1335 videatur
490 1323 502 1344 ,
532 1293 610 1333 fine
632 1293 712 1332 ullo
733 1292 964 1333 elevationis
985 1304 1198 1346 augmento
1219 1304 1284 1332 aut
1306 1292 1531 1332 decremen-

85 1366 130 1394 to
150 1354 197 1392 (ί.
230 1354 287 1392 At
308 1351 410 1405 apud
429 1365 497 1390 nos
518 1352 559 1390 in
579 1351 677 1390 Fine
699 1350 870 1400 Fluxus,
901 1361 967 1389 aut
988 1351 1178 1390 Refluxus
1206 1352 1339 1403 Aquae
1360 1350 1531 1403 plerum-

85 1424 162 1464 que
194 1424 271 1449 non
292 1423 361 1464 per
382 1409 529 1462 aliquot
555 1409 730 1457 minuta,
762 1406 825 1446 sed
845 1420 915 1459 per
933 1406 1074 1446 horam
1095 1406 1325 1457 consistunt,
1357 1409 1393 1445 8<
1414 1408 1532 1447 inter-

87 1469 182 1508 dum
204 1481 273 1520 per
293 1467 436 1521 plureis
451 1495 462 1516 ‚
484 1464 713 1519 praesertim
734 1464 852 1504 tertia
871 1477 1025 1518 quaque
1047 1463 1108 1504 die
1129 1463 1210 1517 post
1230 1464 1474 1514 Novilunia,
1494 1465 1533 1504 8<

88 1525 170 1579 post
192 1525 433 1572 Plenilunia‚
466 1537 588 1575 eoque
620 1522 746 1574 magis
777 1535 824 1560 ea
854 1522 965 1560 Luna
985 1550 996 1571 ‚
1028 1535 1128 1575 quae
1151 1520 1320 1561 Solstitia
1350 1522 1535 1575 proxime

83 1582 259 1636 sequitur
278 1610 290 1632 ,
322 1595 398 1634 qua
417 1609 429 1630 ,
460 1591 503 1620 ut
525 1579 636 1632 saepe
657 1577 851 1629 diximus,
883 1578 1047 1632 majores
1070 1578 1192 1618 aestus
1224 1579 1325 1632 apud
1346 1593 1413 1618 nos
1443 1593 1530 1619 con-

80 1641 246 1694 tingunt
268 1669 277 1678 .
311 1636 613 1689 Observandum
635 1636 688 1676 est
710 1635 994 1689 Aquistitium,
1025 1636 1356 1691 quemadmodum
1387 1648 1532 1678 eventa

83 1698 219 1738 omnia
240 1696 365 1735 Maris
385 1724 397 1744 ,
429 1694 668 1734 manifestius
691 1723 702 1744 ,
733 1694 770 1731 8<
802 1695 926 1748 magis
956 1694 1185 1737 diuturnum
1215 1694 1288 1736 effe
1321 1694 1533 1749 tranquillo

81 1754 209 1806 mari,
239 1766 361 1807 quam
384 1752 485 1791 irato
517 1752 554 1790 8<
575 1750 752 1791 fluffibus
772 1752 968 1793 concusso.

332 1877 1123 1934 PROPOSITIO
1205 1882 1270 1934 X.

88 2018 353 2092 Quoniam
383 2020 533 2070 Mare
575 2016 705 2087 apud
735 2035 827 2068 nos
862 2018 971 2067 Ora
1003 2027 1228 2067 extrema
1266 2027 1413 2067 tenue
1453 2013 1538 2068 acl-1·

86 2090 103 2098 i
163 2098 380 2150 modum
410 2095 477 2147 est
498 2137 512 2163 ‚
540 2095 591 2145 in
613 2095 774 2147 Fluxu
801 2094 1025 2145 multum
1052 2092 1264 2145 Littoris
1293 2092 1460 2158 alluit,
1486 2092 1536 2147 δε

164 2176 220 2227 in
260 2173 475 2227 Refluxu
516 2192 543 2223 a
587 2171 783 2224 Littore
826 2172 1049 2222 multum
1091 2171 1271 2221 itidem
1312 2169 1498 2220 recedit
1525 2207 1538 2220 .

165 2251 391 2306 Receffus
435 2249 520 2301 iste
563 2249 735 2323 aliquo
775 2249 829 2300 in
865 2249 983 2301 loco
1020 2246 1082 2299 ad
1122 2245 1359 2298 ducentos
1388 2246 1538 2298 Pedes

171 2327 530 2382 Ariminenseis
551 2326 855 2378 exstenditur
879 2366 891 2376 .
934 2324 1045 2376 Pari
1073 2324 1270 2375 ratione
1312 2323 1442 2374 redit
1484 2323 1536 2374 in

171 2406 375 2458 Acceffu
402 2449 414 2470 ‚
457 2404 507 2459 δε
545 2405 594 2455 in
620 2402 934 2456 Fluminibus
962 2402 1023 2454 ad
1051 2401 1191 2453 mille
1223 2401 1388 2452 Passus
1430 2401 1535 2452 vim

172 2485 309 2537 suam
342 2483 560 2539 ostendit
579 2522 591 2537 .
632 2483 809 2558 Vulgo
836 2479 1022 2548 accedit
1049 2481 1127 2531 vel
1156 2478 1339 2533 recedit
1367 2479 1536 2596 dedcem

1362 2559 1412 2599 Pe
1443 2570 1483 2596 es
