<?xml version="1.0" encoding="UTF-8"?>
<!DOCTYPE html PUBLIC "-//W3C//DTD XHTML 1.0 Transitional//EN"
    "http://www.w3.org/TR/xhtml1/DTD/xhtml1-transitional.dtd">
<html xmlns="http://www.w3.org/1999/xhtml" xml:lang="en" lang="en">
 <head>
  <title>
</title>
<meta http-equiv="Content-Type" content="text/html;charset=utf-8" />
  <meta name='ocr-system' content='tesseract 3.04.00' />
  <meta name='ocr-capabilities' content='ocr_page ocr_carea ocr_par ocr_line ocrx_word'/>
</head>
<body>
  <div class='ocr_page' id='page_1' title='image "./janiplanciarimin01bian_0042.png"; bbox 0 0 1951 3085; ppageno 0'>
   <div class='ocr_carea' id='block_1_1' title="bbox 485 241 1516 319">
    <p class='ocr_par' dir='ltr' id='par_1_1' title="bbox 485 241 1516 319">
     <span class='ocr_line' id='line_1_1' title="bbox 485 241 1516 319; baseline -0.006 -17"><span class='ocrx_word' id='word_1_1' title='bbox 485 266 546 319; x_wconf 86' lang='lat'>34</span> <span class='ocrx_word' id='word_1_2' title='bbox 781 241 1516 302; x_wconf 71' lang='lat' dir='ltr'>DECoNcr-rts</span> 
     </span>
    </p>
   </div>
   <div class='ocr_carea' id='block_1_2' title="bbox 411 352 1867 572">
    <p class='ocr_par' dir='ltr' id='par_1_2' title="bbox 411 352 1867 572">
     <span class='ocr_line' id='line_1_2' title="bbox 413 352 1867 410; baseline -0.001 -12"><span class='ocrx_word' id='word_1_3' title='bbox 413 368 633 406; x_wconf 82' lang='lat' dir='ltr'><strong>carcerem,</strong></span> <span class='ocrx_word' id='word_1_4' title='bbox 663 354 914 395; x_wconf 89' lang='lat' dir='ltr'>commodum</span> <span class='ocrx_word' id='word_1_5' title='bbox 934 364 1092 405; x_wconf 85' lang='lat' dir='ltr'>tamen,</span> <span class='ocrx_word' id='word_1_6' title='bbox 1120 354 1188 395; x_wconf 83' lang='lat' dir='ltr'>sibi</span> <span class='ocrx_word' id='word_1_7' title='bbox 1208 364 1320 410; x_wconf 86' lang='lat' dir='ltr'>paret</span> <span class='ocrx_word' id='word_1_8' title='bbox 1339 384 1347 394; x_wconf 93' lang='lat'><em>.</em></span> <span class='ocrx_word' id='word_1_9' title='bbox 1382 356 1429 394; x_wconf 91' lang='lat' dir='ltr'>In</span> <span class='ocrx_word' id='word_1_10' title='bbox 1451 366 1650 394; x_wconf 85' lang='lat' dir='ltr'>marmore</span> <span class='ocrx_word' id='word_1_11' title='bbox 1674 352 1781 393; x_wconf 79' lang='lat' dir='ltr'>enim</span> <span class='ocrx_word' id='word_1_12' title='bbox 1800 353 1867 396; x_wconf 51' lang='lat' dir='ltr'>duss</span> 
     </span>
     <span class='ocr_line' id='line_1_3' title="bbox 412 412 1863 467; baseline -0.002 -12"><span class='ocrx_word' id='word_1_13' title='bbox 412 415 557 455; x_wconf 85' lang='lat' dir='ltr'>riffimo</span> <span class='ocrx_word' id='word_1_14' title='bbox 580 413 779 454; x_wconf 87' lang='lat' dir='ltr'>interdum</span> <span class='ocrx_word' id='word_1_15' title='bbox 806 413 967 453; x_wconf 83' lang='lat' dir='ltr'>latitant</span> <span class='ocrx_word' id='word_1_16' title='bbox 987 413 1178 454; x_wconf 89' lang='lat' dir='ltr'>Pholades</span> <span class='ocrx_word' id='word_1_17' title='bbox 1200 443 1212 465; x_wconf 87' lang='lat'>,</span> <span class='ocrx_word' id='word_1_18' title='bbox 1243 427 1290 454; x_wconf 91' lang='lat' dir='ltr'>ne</span> <span class='ocrx_word' id='word_1_19' title='bbox 1312 412 1406 453; x_wconf 89' lang='lat' dir='ltr'>dum</span> <span class='ocrx_word' id='word_1_20' title='bbox 1436 414 1477 453; x_wconf 90' lang='lat' dir='ltr'>in</span> <span class='ocrx_word' id='word_1_21' title='bbox 1508 412 1700 467; x_wconf 79' lang='lat' dir='ltr'>lapidibus</span> <span class='ocrx_word' id='word_1_22' title='bbox 1730 425 1863 452; x_wconf 83' lang='lat' dir='ltr'>arena-</span> 
     </span>
     <span class='ocr_line' id='line_1_4' title="bbox 414 470 1864 526; baseline -0.001 -14"><span class='ocrx_word' id='word_1_23' title='bbox 414 474 481 513; x_wconf 86' lang='lat' dir='ltr'>riis</span> <span class='ocrx_word' id='word_1_24' title='bbox 502 485 514 523; x_wconf 75' lang='lat'><em>3</em></span> <span class='ocrx_word' id='word_1_25' title='bbox 550 470 652 525; x_wconf 93' lang='lat' dir='ltr'>quod</span> <span class='ocrx_word' id='word_1_26' title='bbox 672 472 819 510; x_wconf 88' lang='lat' dir='ltr'>mirum</span> <span class='ocrx_word' id='word_1_27' title='bbox 841 470 930 511; x_wconf 89' lang='lat' dir='ltr'>sane</span> <span class='ocrx_word' id='word_1_28' title='bbox 952 470 1007 512; x_wconf 90' lang='lat' dir='ltr'>est</span> <span class='ocrx_word' id='word_1_29' title='bbox 1027 500 1040 523; x_wconf 86' lang='lat'>,</span> <span class='ocrx_word' id='word_1_30' title='bbox 1070 485 1193 525; x_wconf 88' lang='lat' dir='ltr'>quum</span> <span class='ocrx_word' id='word_1_31' title='bbox 1213 472 1282 512; x_wconf 81' lang='lat' dir='ltr'>nisi</span> <span class='ocrx_word' id='word_1_32' title='bbox 1305 470 1444 512; x_wconf 86' lang='lat' dir='ltr'>validis</span> <span class='ocrx_word' id='word_1_33' title='bbox 1464 470 1770 526; x_wconf 77' lang='lat' dir='ltr'>Lapidariorum</span> <span class='ocrx_word' id='word_1_34' title='bbox 1790 470 1864 511; x_wconf 83' lang='lat' dir='ltr'>fer-</span> 
     </span>
     <span class='ocr_line' id='line_1_5' title="bbox 411 530 976 572; baseline -0.005 0"><span class='ocrx_word' id='word_1_35' title='bbox 411 531 602 572; x_wconf 78' lang='lat' dir='ltr'>ramentis</span> <span class='ocrx_word' id='word_1_36' title='bbox 633 544 712 570; x_wconf 90' lang='lat' dir='ltr'>non</span> <span class='ocrx_word' id='word_1_37' title='bbox 731 530 976 571; x_wconf 84' lang='lat' dir='ltr'>avellantur.</span> 
     </span>
    </p>
   </div>
   <div class='ocr_carea' id='block_1_3' title="bbox 466 768 1817 850">
    <p class='ocr_par' dir='ltr' id='par_1_3' title="bbox 466 768 1817 850">
     <span class='ocr_line' id='line_1_6' title="bbox 466 768 1817 850; baseline -0.001 0"><span class='ocrx_word' id='word_1_38' title='bbox 466 770 871 850; x_wconf 86' lang='lat' dir='ltr'>PARS</span> <span class='ocrx_word' id='word_1_39' title='bbox 975 768 1817 849; x_wconf 55' lang='lat' dir='ltr'>SECVNDAi</span> 
     </span>
    </p>
   </div>
   <div class='ocr_carea' id='block_1_4' title="bbox 670 924 1598 990">
    <p class='ocr_par' dir='ltr' id='par_1_4' title="bbox 670 924 1598 990">
     <span class='ocr_line' id='line_1_7' title="bbox 670 924 1598 990; baseline -0.003 -13"><span class='ocrx_word' id='word_1_40' title='bbox 670 924 1059 978; x_wconf 77' lang='lat' dir='ltr'><em>CAPVT</em></span> <span class='ocrx_word' id='word_1_41' title='bbox 1129 924 1598 990; x_wconf 68' lang='lat' dir='ltr'><em>PRIMUM.</em></span> 
     </span>
    </p>
   </div>
   <div class='ocr_carea' id='block_1_5' title="bbox 415 1035 1868 1077">
    <p class='ocr_par' dir='ltr' id='par_1_5' title="bbox 415 1035 1868 1077">
     <span class='ocr_line' id='line_1_8' title="bbox 415 1035 1868 1077; baseline -0.001 -1"><span class='ocrx_word' id='word_1_42' title='bbox 415 1036 637 1076; x_wconf 83' lang='lat' dir='ltr'>CANCER</span> <span class='ocrx_word' id='word_1_43' title='bbox 658 1035 888 1077; x_wconf 83' lang='lat' dir='ltr'>LATIPES</span> <span class='ocrx_word' id='word_1_44' title='bbox 928 1044 1132 1075; x_wconf 81' lang='lat' dir='ltr'>PAvas</span> <span class='ocrx_word' id='word_1_45' title='bbox 1168 1044 1456 1075; x_wconf 78' lang='lat' dir='ltr'>oBLONGvs</span> <span class='ocrx_word' id='word_1_46' title='bbox 1493 1042 1868 1075; x_wconf 83' lang='lat' dir='ltr'><strong>VARIEGATVS.</strong></span> 
     </span>
    </p>
   </div>
   <div class='ocr_carea' id='block_1_6' title="bbox 409 1168 1870 2600">
    <p class='ocr_par' dir='ltr' id='par_1_6' title="bbox 414 1168 1870 1340">
     <span class='ocr_line' id='line_1_9' title="bbox 414 1168 1869 1225; baseline -0.003 -14"><span class='ocrx_word' id='word_1_47' title='bbox 414 1172 447 1211; x_wconf 95' lang='grc' dir='ltr'>Ι.</span> <span class='ocrx_word' id='word_1_48' title='bbox 645 1169 825 1224; x_wconf 87' lang='lat' dir='ltr'>chsque</span> <span class='ocrx_word' id='word_1_49' title='bbox 845 1169 893 1210; x_wconf 89' lang='lat' dir='ltr'>de</span> <span class='ocrx_word' id='word_1_50' title='bbox 915 1170 1156 1225; x_wconf 87' lang='lat' dir='ltr'>Corporibus</span> <span class='ocrx_word' id='word_1_51' title='bbox 1176 1171 1340 1211; x_wconf 86' lang='lat' dir='ltr'>marinis</span> <span class='ocrx_word' id='word_1_52' title='bbox 1361 1170 1464 1211; x_wconf 91' lang='lat' dir='ltr'>duris</span> <span class='ocrx_word' id='word_1_53' title='bbox 1494 1168 1656 1224; x_wconf 83' lang='lat' dir='ltr'>quidem</span> <span class='ocrx_word' id='word_1_54' title='bbox 1684 1169 1721 1208; x_wconf 79' lang='lat'>8&lt;</span> <span class='ocrx_word' id='word_1_55' title='bbox 1742 1169 1869 1208; x_wconf 87' lang='lat' dir='ltr'>minus</span> 
     </span>
     <span class='ocr_line' id='line_1_10' title="bbox 476 1174 1870 1310; baseline -0.003 -42"><span class='ocrx_word' id='word_1_56' title='bbox 476 1174 636 1310; x_wconf 88' lang='lat' dir='ltr'><strong>H</strong></span> <span class='ocrx_word' id='word_1_57' title='bbox 674 1229 775 1268; x_wconf 80' lang='lat' dir='ltr'>notis</span> <span class='ocrx_word' id='word_1_58' title='bbox 796 1229 946 1282; x_wconf 81' lang='lat' dir='ltr'>egimus</span> <span class='ocrx_word' id='word_1_59' title='bbox 969 1243 1068 1282; x_wconf 81' lang='lat' dir='ltr'>quae</span> <span class='ocrx_word' id='word_1_60' title='bbox 1082 1229 1222 1269; x_wconf 85' lang='lat' dir='ltr'>Graeci</span> <span class='ocrx_word' id='word_1_61' title='bbox 1243 1228 1291 1268; x_wconf 88' lang='lat' dir='ltr'>ad</span> <span class='ocrx_word' id='word_1_62' title='bbox 1304 1227 1650 1267; x_wconf 85' lang='lat' dir='ltr'>Ostracodermata</span> <span class='ocrx_word' id='word_1_63' title='bbox 1672 1225 1870 1277; x_wconf 88' lang='lat' dir='ltr'>referunt,</span> 
     </span>
     <span class='ocr_line' id='line_1_11' title="bbox 672 1283 1870 1340; baseline -0.002 -15"><span class='ocrx_word' id='word_1_64' title='bbox 672 1299 774 1325; x_wconf 90' lang='lat' dir='ltr'>nunc</span> <span class='ocrx_word' id='word_1_65' title='bbox 798 1299 891 1325; x_wconf 88' lang='lat' dir='ltr'>vero</span> <span class='ocrx_word' id='word_1_66' title='bbox 913 1285 959 1326; x_wconf 91' lang='lat' dir='ltr'>de</span> <span class='ocrx_word' id='word_1_67' title='bbox 980 1288 1025 1325; x_wconf 81' lang='lat' dir='ltr'>iis</span> <span class='ocrx_word' id='word_1_68' title='bbox 1045 1286 1244 1340; x_wconf 76' lang='lat' dir='ltr'>agendum</span> <span class='ocrx_word' id='word_1_69' title='bbox 1275 1299 1376 1340; x_wconf 88' lang='lat' dir='ltr'>quae</span> <span class='ocrx_word' id='word_1_70' title='bbox 1397 1284 1519 1325; x_wconf 81' lang='lat' dir='ltr'>Testa</span> <span class='ocrx_word' id='word_1_71' title='bbox 1547 1283 1706 1338; x_wconf 88' lang='lat' dir='ltr'>quidem</span> <span class='ocrx_word' id='word_1_72' title='bbox 1738 1283 1870 1337; x_wconf 86' lang='lat' dir='ltr'>aliqua</span> 
     </span>
    </p>

    <p class='ocr_par' dir='ltr' id='par_1_7' title="bbox 409 1341 1869 2560">
     <span class='ocr_line' id='line_1_12' title="bbox 415 1341 1869 1401; baseline -0.004 -15"><span class='ocrx_word' id='word_1_73' title='bbox 415 1346 645 1401; x_wconf 87' lang='lat' dir='ltr'>operiuntur</span> <span class='ocrx_word' id='word_1_74' title='bbox 664 1374 676 1395; x_wconf 94' lang='lat'>,</span> <span class='ocrx_word' id='word_1_75' title='bbox 707 1343 773 1384; x_wconf 88' lang='lat' dir='ltr'>vel</span> <span class='ocrx_word' id='word_1_76' title='bbox 794 1343 968 1383; x_wconf 86' lang='lat' dir='ltr'>constant</span> <span class='ocrx_word' id='word_1_77' title='bbox 989 1373 1001 1394; x_wconf 98' lang='lat'>,</span> <span class='ocrx_word' id='word_1_78' title='bbox 1032 1343 1096 1384; x_wconf 87' lang='lat' dir='ltr'>sed</span> <span class='ocrx_word' id='word_1_79' title='bbox 1128 1345 1255 1384; x_wconf 86' lang='lat' dir='ltr'>minus</span> <span class='ocrx_word' id='word_1_80' title='bbox 1275 1345 1371 1384; x_wconf 81' lang='lat' dir='ltr'>dura</span> <span class='ocrx_word' id='word_1_81' title='bbox 1393 1356 1405 1394; x_wconf 89' lang='grc'>,·</span> <span class='ocrx_word' id='word_1_82' title='bbox 1436 1345 1549 1383; x_wconf 89' lang='lat' dir='ltr'>Haec</span> <span class='ocrx_word' id='word_1_83' title='bbox 1571 1342 1689 1396; x_wconf 80' lang='lat' dir='ltr'>vulgo</span> <span class='ocrx_word' id='word_1_84' title='bbox 1712 1341 1869 1381; x_wconf 84' lang='lat' dir='ltr'>Crusta-</span> 
     </span>
     <span class='ocr_line' id='line_1_13' title="bbox 416 1399 1869 1456; baseline -0.004 -12"><span class='ocrx_word' id='word_1_85' title='bbox 416 1419 508 1453; x_wconf 80' lang='lat' dir='ltr'>cea,</span> <span class='ocrx_word' id='word_1_86' title='bbox 528 1404 592 1443; x_wconf 90' lang='lat' dir='ltr'>vel</span> <span class='ocrx_word' id='word_1_87' title='bbox 607 1401 791 1442; x_wconf 85' lang='lat' dir='ltr'>Crustata</span> <span class='ocrx_word' id='word_1_88' title='bbox 812 1401 1013 1454; x_wconf 88' lang='lat' dir='ltr'>appellant</span> <span class='ocrx_word' id='word_1_89' title='bbox 1031 1431 1042 1451; x_wconf 93' lang='lat'>,</span> <span class='ocrx_word' id='word_1_90' title='bbox 1073 1401 1177 1454; x_wconf 88' lang='lat' dir='ltr'>cujus</span> <span class='ocrx_word' id='word_1_91' title='bbox 1198 1403 1350 1456; x_wconf 84' lang='lat' dir='ltr'>generis</span> <span class='ocrx_word' id='word_1_92' title='bbox 1373 1400 1612 1456; x_wconf 73' lang='lat' dir='ltr'>potissimum</span> <span class='ocrx_word' id='word_1_93' title='bbox 1634 1399 1745 1451; x_wconf 89' lang='lat' dir='ltr'>sunt,</span> <span class='ocrx_word' id='word_1_94' title='bbox 1764 1401 1869 1439; x_wconf 85' lang='lat' dir='ltr'>Can-</span> 
     </span>
     <span class='ocr_line' id='line_1_14' title="bbox 416 1457 1869 1513; baseline -0.003 -13"><span class='ocrx_word' id='word_1_95' title='bbox 416 1463 498 1511; x_wconf 88' lang='lat' dir='ltr'>cri,</span> <span class='ocrx_word' id='word_1_96' title='bbox 529 1460 684 1509; x_wconf 82' lang='lat' dir='ltr'>Astaci,</span> <span class='ocrx_word' id='word_1_97' title='bbox 714 1457 929 1509; x_wconf 85' lang='lat' dir='ltr'>Locustae,</span> <span class='ocrx_word' id='word_1_98' title='bbox 959 1459 1155 1513; x_wconf 82' lang='lat' dir='ltr'>Squillae,</span> <span class='ocrx_word' id='word_1_99' title='bbox 1187 1460 1332 1500; x_wconf 84' lang='lat' dir='ltr'>Stellae</span> <span class='ocrx_word' id='word_1_100' title='bbox 1356 1460 1555 1509; x_wconf 87' lang='lat' dir='ltr'>marinae,</span> <span class='ocrx_word' id='word_1_101' title='bbox 1586 1459 1621 1497; x_wconf 79' lang='lat'>8&lt;</span> <span class='ocrx_word' id='word_1_102' title='bbox 1645 1458 1721 1499; x_wconf 87' lang='lat' dir='ltr'>alia</span> <span class='ocrx_word' id='word_1_103' title='bbox 1743 1457 1869 1505; x_wconf 84' lang='lat' dir='ltr'>hujus-</span> 
     </span>
     <span class='ocr_line' id='line_1_15' title="bbox 414 1514 1868 1572; baseline -0.003 -13"><span class='ocrx_word' id='word_1_104' title='bbox 414 1519 545 1559; x_wconf 87' lang='lat' dir='ltr'>modi.</span> <span class='ocrx_word' id='word_1_105' title='bbox 577 1519 641 1559; x_wconf 92' lang='lat' dir='ltr'>De</span> <span class='ocrx_word' id='word_1_106' title='bbox 662 1531 804 1572; x_wconf 80' lang='lat' dir='ltr'>genere</span> <span class='ocrx_word' id='word_1_107' title='bbox 829 1517 938 1556; x_wconf 86' lang='lat' dir='ltr'>omni</span> <span class='ocrx_word' id='word_1_108' title='bbox 958 1517 1100 1557; x_wconf 91' lang='lat' dir='ltr'>horum</span> <span class='ocrx_word' id='word_1_109' title='bbox 1131 1518 1241 1557; x_wconf 87' lang='lat' dir='ltr'>nobis</span> <span class='ocrx_word' id='word_1_110' title='bbox 1261 1531 1378 1572; x_wconf 80' lang='lat' dir='ltr'>agere</span> <span class='ocrx_word' id='word_1_111' title='bbox 1411 1530 1489 1556; x_wconf 88' lang='lat' dir='ltr'>non</span> <span class='ocrx_word' id='word_1_112' title='bbox 1511 1516 1564 1556; x_wconf 90' lang='lat' dir='ltr'>est</span> <span class='ocrx_word' id='word_1_113' title='bbox 1584 1517 1737 1555; x_wconf 83' lang='lat' dir='ltr'>animus</span> <span class='ocrx_word' id='word_1_114' title='bbox 1757 1528 1770 1566; x_wconf 77' lang='lat'><em>3</em></span> <span class='ocrx_word' id='word_1_115' title='bbox 1803 1514 1868 1555; x_wconf 88' lang='lat' dir='ltr'>sed</span> 
     </span>
     <span class='ocr_line' id='line_1_16' title="bbox 420 1574 1866 1631; baseline -0.003 -14"><span class='ocrx_word' id='word_1_116' title='bbox 420 1589 582 1617; x_wconf 86' lang='lat' dir='ltr'>tantum</span> <span class='ocrx_word' id='word_1_117' title='bbox 613 1589 655 1616; x_wconf 94' lang='lat' dir='ltr'>ut</span> <span class='ocrx_word' id='word_1_118' title='bbox 675 1576 752 1615; x_wconf 86' lang='lat' dir='ltr'>fert</span> <span class='ocrx_word' id='word_1_119' title='bbox 784 1574 961 1629; x_wconf 81' lang='lat' dir='ltr'>praesens</span> <span class='ocrx_word' id='word_1_120' title='bbox 982 1575 1209 1616; x_wconf 86' lang='lat' dir='ltr'>Institutum</span> <span class='ocrx_word' id='word_1_121' title='bbox 1230 1575 1426 1631; x_wconf 79' lang='lat' dir='ltr'>quaedam</span> <span class='ocrx_word' id='word_1_122' title='bbox 1458 1575 1701 1628; x_wconf 76' lang='lat' dir='ltr'>attingemus</span> <span class='ocrx_word' id='word_1_123' title='bbox 1722 1602 1734 1624; x_wconf 93' lang='lat'>,</span> <span class='ocrx_word' id='word_1_124' title='bbox 1766 1586 1866 1627; x_wconf 85' lang='lat' dir='ltr'>quae</span> 
     </span>
     <span class='ocr_line' id='line_1_17' title="bbox 412 1630 1866 1689; baseline -0.003 -15"><span class='ocrx_word' id='word_1_125' title='bbox 412 1636 542 1674; x_wconf 83' lang='lat' dir='ltr'>minus</span> <span class='ocrx_word' id='word_1_126' title='bbox 562 1647 657 1674; x_wconf 84' lang='lat' dir='ltr'>nota</span> <span class='ocrx_word' id='word_1_127' title='bbox 677 1633 763 1673; x_wconf 89' lang='lat' dir='ltr'>sunt</span> <span class='ocrx_word' id='word_1_128' title='bbox 783 1663 795 1683; x_wconf 93' lang='lat'>,</span> <span class='ocrx_word' id='word_1_129' title='bbox 826 1634 863 1673; x_wconf 79' lang='lat'>8&lt;</span> <span class='ocrx_word' id='word_1_130' title='bbox 893 1634 934 1673; x_wconf 89' lang='lat' dir='ltr'>in</span> <span class='ocrx_word' id='word_1_131' title='bbox 953 1634 1081 1674; x_wconf 86' lang='lat' dir='ltr'>Libris</span> <span class='ocrx_word' id='word_1_132' title='bbox 1105 1635 1241 1689; x_wconf 81' lang='lat' dir='ltr'>passim</span> <span class='ocrx_word' id='word_1_133' title='bbox 1272 1648 1350 1674; x_wconf 92' lang='lat' dir='ltr'>non</span> <span class='ocrx_word' id='word_1_134' title='bbox 1380 1631 1571 1686; x_wconf 85' lang='lat' dir='ltr'>descripta</span> <span class='ocrx_word' id='word_1_135' title='bbox 1591 1661 1602 1671; x_wconf 88' lang='lat'><strong>.</strong></span> <span class='ocrx_word' id='word_1_136' title='bbox 1635 1630 1866 1683; x_wconf 85' lang='lat' dir='ltr'>Cujusmodi</span> 
     </span>
     <span class='ocr_line' id='line_1_18' title="bbox 414 1690 1864 1747; baseline -0.003 -14"><span class='ocrx_word' id='word_1_137' title='bbox 414 1692 468 1734; x_wconf 88' lang='lat' dir='ltr'>est</span> <span class='ocrx_word' id='word_1_138' title='bbox 491 1694 648 1733; x_wconf 82' lang='lat' dir='ltr'>Cancer</span> <span class='ocrx_word' id='word_1_139' title='bbox 667 1692 731 1732; x_wconf 82' lang='lat' dir='ltr'>hic</span> <span class='ocrx_word' id='word_1_140' title='bbox 748 1692 908 1747; x_wconf 81' lang='lat' dir='ltr'>Latipes</span> <span class='ocrx_word' id='word_1_141' title='bbox 939 1706 1058 1746; x_wconf 89' lang='lat' dir='ltr'>quem</span> <span class='ocrx_word' id='word_1_142' title='bbox 1080 1694 1207 1747; x_wconf 83' lang='lat' dir='ltr'>primo</span> <span class='ocrx_word' id='word_1_143' title='bbox 1228 1693 1313 1733; x_wconf 92' lang='lat' dir='ltr'>loco</span> <span class='ocrx_word' id='word_1_144' title='bbox 1335 1691 1591 1741; x_wconf 81' lang='lat' dir='ltr'>exhibemus,</span> <span class='ocrx_word' id='word_1_145' title='bbox 1622 1690 1864 1730; x_wconf 79' lang='lat' dir='ltr'>&amp;Tab.111.</span> 
     </span>
     <span class='ocr_line' id='line_1_19' title="bbox 414 1746 1865 1805; baseline -0.003 -15"><span class='ocrx_word' id='word_1_146' title='bbox 414 1750 536 1805; x_wconf 76' lang='lat' dir='ltr'>figura</span> <span class='ocrx_word' id='word_1_147' title='bbox 557 1752 647 1791; x_wconf 88' lang='lat' dir='ltr'><strong>VII.</strong></span> <span class='ocrx_word' id='word_1_148' title='bbox 681 1749 747 1790; x_wconf 79' lang='lat' dir='ltr'>iub</span> <span class='ocrx_word' id='word_1_149' title='bbox 775 1750 919 1790; x_wconf 86' lang='lat' dir='ltr'>litteris</span> <span class='ocrx_word' id='word_1_150' title='bbox 940 1752 969 1790; x_wconf 87' lang='lat' dir='ltr'>B</span> <span class='ocrx_word' id='word_1_151' title='bbox 991 1751 1027 1790; x_wconf 81' lang='lat'>8&lt;</span> <span class='ocrx_word' id='word_1_152' title='bbox 1048 1753 1085 1791; x_wconf 95' lang='lat' dir='ltr'>C</span> <span class='ocrx_word' id='word_1_153' title='bbox 1116 1750 1206 1791; x_wconf 84' lang='lat' dir='ltr'>satis</span> <span class='ocrx_word' id='word_1_154' title='bbox 1228 1764 1318 1805; x_wconf 86' lang='lat' dir='ltr'>apte</span> <span class='ocrx_word' id='word_1_155' title='bbox 1350 1749 1423 1789; x_wconf 85' lang='lat' dir='ltr'>fuit</span> <span class='ocrx_word' id='word_1_156' title='bbox 1446 1748 1640 1803; x_wconf 83' lang='lat' dir='ltr'>expositus</span> <span class='ocrx_word' id='word_1_157' title='bbox 1661 1778 1670 1787; x_wconf 95' lang='lat'>.</span> <span class='ocrx_word' id='word_1_158' title='bbox 1704 1746 1865 1787; x_wconf 89' lang='lat' dir='ltr'>Ronde-</span> 
     </span>
     <span class='ocr_line' id='line_1_20' title="bbox 411 1804 1864 1861; baseline -0.002 -14"><span class='ocrx_word' id='word_1_159' title='bbox 411 1808 527 1850; x_wconf 86' lang='lat' dir='ltr'>letius</span> <span class='ocrx_word' id='word_1_160' title='bbox 546 1807 629 1861; x_wconf 92' lang='lat' dir='ltr'>post</span> <span class='ocrx_word' id='word_1_161' title='bbox 650 1807 904 1847; x_wconf 87' lang='lat' dir='ltr'>Aristotelem</span> <span class='ocrx_word' id='word_1_162' title='bbox 936 1810 1084 1860; x_wconf 85' lang='lat' dir='ltr'>primus</span> <span class='ocrx_word' id='word_1_163' title='bbox 1104 1808 1298 1861; x_wconf 84' lang='lat' dir='ltr'>descripsit</span> <span class='ocrx_word' id='word_1_164' title='bbox 1328 1808 1531 1847; x_wconf 87' lang='lat' dir='ltr'>Cancrum</span> <span class='ocrx_word' id='word_1_165' title='bbox 1553 1805 1791 1860; x_wconf 87' lang='lat' dir='ltr'>Latipedem</span> <span class='ocrx_word' id='word_1_166' title='bbox 1815 1804 1864 1845; x_wconf 86' lang='lat' dir='ltr'>fic</span> 
     </span>
     <span class='ocr_line' id='line_1_21' title="bbox 412 1863 1863 1915; baseline -0.001 -12"><span class='ocrx_word' id='word_1_167' title='bbox 412 1864 562 1907; x_wconf 61' lang='lat' dir='ltr'>dicium</span> <span class='ocrx_word' id='word_1_168' title='bbox 594 1878 616 1903; x_wconf 87' lang='lat' dir='ltr'>a</span> <span class='ocrx_word' id='word_1_169' title='bbox 636 1864 782 1902; x_wconf 83' lang='lat' dir='ltr'>duabus</span> <span class='ocrx_word' id='word_1_170' title='bbox 803 1863 940 1901; x_wconf 85' lang='lat' dir='ltr'>Chelis</span> <span class='ocrx_word' id='word_1_171' title='bbox 971 1877 1067 1915; x_wconf 84' lang='lat' dir='ltr'>quas</span> <span class='ocrx_word' id='word_1_172' title='bbox 1088 1864 1186 1902; x_wconf 87' lang='lat' dir='ltr'>latas</span> <span class='ocrx_word' id='word_1_173' title='bbox 1206 1865 1326 1902; x_wconf 81' lang='lat' dir='ltr'>habet</span> <span class='ocrx_word' id='word_1_174' title='bbox 1358 1865 1397 1901; x_wconf 88' lang='lat' dir='ltr'>in</span> <span class='ocrx_word' id='word_1_175' title='bbox 1419 1864 1699 1912; x_wconf 84' lang='lat' dir='ltr'>extremitate,</span> <span class='ocrx_word' id='word_1_176' title='bbox 1733 1875 1775 1902; x_wconf 89' lang='lat' dir='ltr'>ut</span> <span class='ocrx_word' id='word_1_177' title='bbox 1807 1863 1863 1903; x_wconf 89' lang='lat' dir='ltr'>vi-</span> 
     </span>
     <span class='ocr_line' id='line_1_22' title="bbox 412 1916 1860 1974; baseline -0.001 -12"><span class='ocrx_word' id='word_1_178' title='bbox 412 1922 503 1963; x_wconf 85' lang='lat' dir='ltr'>dere</span> <span class='ocrx_word' id='word_1_179' title='bbox 526 1921 579 1961; x_wconf 88' lang='lat' dir='ltr'>est</span> <span class='ocrx_word' id='word_1_180' title='bbox 610 1920 711 1974; x_wconf 87' lang='lat' dir='ltr'>apud</span> <span class='ocrx_word' id='word_1_181' title='bbox 732 1918 916 1959; x_wconf 89' lang='lat' dir='ltr'>eumdem</span> <span class='ocrx_word' id='word_1_182' title='bbox 937 1916 1012 1972; x_wconf 80' lang='lat' dir='ltr'>(a)</span> <span class='ocrx_word' id='word_1_183' title='bbox 1029 1947 1041 1968; x_wconf 90' lang='lat'>,</span> <span class='ocrx_word' id='word_1_184' title='bbox 1072 1920 1109 1958; x_wconf 80' lang='lat'>8&lt;</span> <span class='ocrx_word' id='word_1_185' title='bbox 1128 1920 1169 1958; x_wconf 87' lang='lat' dir='ltr'>in</span> <span class='ocrx_word' id='word_1_186' title='bbox 1189 1919 1347 1959; x_wconf 76' lang='lat' dir='ltr'>Tabula</span> <span class='ocrx_word' id='word_1_187' title='bbox 1366 1918 1493 1959; x_wconf 84' lang='lat' dir='ltr'>nostra</span> <span class='ocrx_word' id='word_1_188' title='bbox 1513 1917 1579 1958; x_wconf 86' lang='lat' dir='ltr'>sub</span> <span class='ocrx_word' id='word_1_189' title='bbox 1602 1919 1746 1959; x_wconf 88' lang='lat' dir='ltr'>litteris</span> <span class='ocrx_word' id='word_1_190' title='bbox 1766 1920 1860 1960; x_wconf 84' lang='lat' dir='ltr'>AA.</span> 
     </span>
     <span class='ocr_line' id='line_1_23' title="bbox 412 1975 1863 2034; baseline -0.002 -15"><span class='ocrx_word' id='word_1_191' title='bbox 412 1978 601 2034; x_wconf 83' lang='lat' dir='ltr'>Ignobilis</span> <span class='ocrx_word' id='word_1_192' title='bbox 622 1977 782 2032; x_wconf 89' lang='lat' dir='ltr'>quidem</span> <span class='ocrx_word' id='word_1_193' title='bbox 803 1975 856 2018; x_wconf 92' lang='lat' dir='ltr'>est</span> <span class='ocrx_word' id='word_1_194' title='bbox 877 1976 1116 2017; x_wconf 89' lang='lat' dir='ltr'>Rondeletio</span> <span class='ocrx_word' id='word_1_195' title='bbox 1135 1978 1294 2032; x_wconf 86' lang='lat' dir='ltr'>Latipes</span> <span class='ocrx_word' id='word_1_196' title='bbox 1309 1979 1487 2028; x_wconf 88' lang='lat' dir='ltr'>Cancer,</span> <span class='ocrx_word' id='word_1_197' title='bbox 1511 1977 1613 2031; x_wconf 91' lang='lat' dir='ltr'>quod</span> <span class='ocrx_word' id='word_1_198' title='bbox 1635 1977 1737 2032; x_wconf 82' lang='lat' dir='ltr'>apud</span> <span class='ocrx_word' id='word_1_199' title='bbox 1758 1976 1863 2018; x_wconf 88' lang='lat' dir='ltr'>Mas-</span> 
     </span>
     <span class='ocr_line' id='line_1_24' title="bbox 411 2034 1862 2091; baseline 0 -14"><span class='ocrx_word' id='word_1_200' title='bbox 411 2036 578 2077; x_wconf 81' lang='lat' dir='ltr'>silienses</span> <span class='ocrx_word' id='word_1_201' title='bbox 609 2036 690 2075; x_wconf 89' lang='lat' dir='ltr'>suos</span> <span class='ocrx_word' id='word_1_202' title='bbox 721 2034 1052 2089; x_wconf 76' lang='lat' dir='ltr'>frequentissimus</span> <span class='ocrx_word' id='word_1_203' title='bbox 1075 2035 1142 2085; x_wconf 86' lang='lat' dir='ltr'>fit,</span> <span class='ocrx_word' id='word_1_204' title='bbox 1174 2037 1211 2075; x_wconf 78' lang='lat'>8&lt;</span> <span class='ocrx_word' id='word_1_205' title='bbox 1234 2050 1374 2090; x_wconf 82' lang='lat' dir='ltr'>parvus</span> <span class='ocrx_word' id='word_1_206' title='bbox 1393 2065 1405 2086; x_wconf 89' lang='lat'>,</span> <span class='ocrx_word' id='word_1_207' title='bbox 1439 2047 1480 2076; x_wconf 92' lang='lat' dir='ltr'>ut</span> <span class='ocrx_word' id='word_1_208' title='bbox 1501 2036 1627 2075; x_wconf 89' lang='lat' dir='ltr'>Nucis</span> <span class='ocrx_word' id='word_1_209' title='bbox 1657 2036 1862 2091; x_wconf 79' lang='lat' dir='ltr'>Juglandis</span> 
     </span>
     <span class='ocr_line' id='line_1_25' title="bbox 409 2092 1860 2150; baseline -0.001 -14"><span class='ocrx_word' id='word_1_210' title='bbox 409 2094 726 2150; x_wconf 82' lang='lat' dir='ltr'>magnitudinem</span> <span class='ocrx_word' id='word_1_211' title='bbox 748 2107 836 2134; x_wconf 83' lang='lat' dir='ltr'>raro</span> <span class='ocrx_word' id='word_1_212' title='bbox 856 2092 1008 2147; x_wconf 88' lang='lat' dir='ltr'>superet</span> <span class='ocrx_word' id='word_1_213' title='bbox 1029 2123 1037 2133; x_wconf 92' lang='lat'><strong>.</strong></span> <span class='ocrx_word' id='word_1_214' title='bbox 1072 2094 1200 2134; x_wconf 86' lang='lat' dir='ltr'>Nobis</span> <span class='ocrx_word' id='word_1_215' title='bbox 1221 2096 1377 2134; x_wconf 82' lang='lat' dir='ltr'>Cancer</span> <span class='ocrx_word' id='word_1_216' title='bbox 1398 2093 1465 2135; x_wconf 87' lang='lat' dir='ltr'>iste</span> <span class='ocrx_word' id='word_1_217' title='bbox 1485 2096 1645 2148; x_wconf 89' lang='lat' dir='ltr'>Latipes</span> <span class='ocrx_word' id='word_1_218' title='bbox 1676 2108 1753 2134; x_wconf 91' lang='lat' dir='ltr'>non</span> <span class='ocrx_word' id='word_1_219' title='bbox 1776 2106 1860 2135; x_wconf 86' lang='lat' dir='ltr'>tam</span> 
     </span>
     <span class='ocr_line' id='line_1_26' title="bbox 410 2152 1861 2208; baseline 0.001 -15"><span class='ocrx_word' id='word_1_220' title='bbox 410 2153 590 2207; x_wconf 78' lang='lat' dir='ltr'>ignobilis</span> <span class='ocrx_word' id='word_1_221' title='bbox 611 2153 789 2202; x_wconf 88' lang='lat' dir='ltr'>videtur,</span> <span class='ocrx_word' id='word_1_222' title='bbox 821 2164 905 2190; x_wconf 84' lang='lat' dir='ltr'>tum</span> <span class='ocrx_word' id='word_1_223' title='bbox 927 2153 1018 2206; x_wconf 81' lang='lat' dir='ltr'>quia</span> <span class='ocrx_word' id='word_1_224' title='bbox 1038 2166 1115 2192; x_wconf 90' lang='lat' dir='ltr'>non</span> <span class='ocrx_word' id='word_1_225' title='bbox 1136 2165 1218 2192; x_wconf 89' lang='lat' dir='ltr'>tam</span> <span class='ocrx_word' id='word_1_226' title='bbox 1243 2153 1445 2208; x_wconf 87' lang='lat' dir='ltr'>frequens,</span> <span class='ocrx_word' id='word_1_227' title='bbox 1467 2164 1552 2193; x_wconf 86' lang='lat' dir='ltr'>tum</span> <span class='ocrx_word' id='word_1_228' title='bbox 1575 2152 1677 2207; x_wconf 87' lang='lat' dir='ltr'>quod</span> <span class='ocrx_word' id='word_1_229' title='bbox 1699 2152 1861 2207; x_wconf 85' lang='lat' dir='ltr'>pulchre</span> 
     </span>
     <span class='ocr_line' id='line_1_27' title="bbox 412 2210 1859 2264; baseline 0 -13"><span class='ocrx_word' id='word_1_230' title='bbox 412 2211 458 2251; x_wconf 82' lang='lat' dir='ltr'>sit</span> <span class='ocrx_word' id='word_1_231' title='bbox 481 2212 726 2264; x_wconf 82' lang='lat' dir='ltr'>variegatus,</span> <span class='ocrx_word' id='word_1_232' title='bbox 747 2222 789 2250; x_wconf 89' lang='lat' dir='ltr'>ut</span> <span class='ocrx_word' id='word_1_233' title='bbox 810 2223 1053 2252; x_wconf 85' lang='lat' dir='ltr'>marmoreus</span> <span class='ocrx_word' id='word_1_234' title='bbox 1073 2211 1272 2253; x_wconf 79' lang='lat' dir='ltr'>videatur.</span> <span class='ocrx_word' id='word_1_235' title='bbox 1307 2214 1514 2253; x_wconf 87' lang='lat' dir='ltr'>Praeterea</span> <span class='ocrx_word' id='word_1_236' title='bbox 1535 2225 1613 2251; x_wconf 88' lang='lat' dir='ltr'>non</span> <span class='ocrx_word' id='word_1_237' title='bbox 1634 2210 1752 2252; x_wconf 87' lang='lat' dir='ltr'>instar</span> <span class='ocrx_word' id='word_1_238' title='bbox 1772 2213 1859 2251; x_wconf 90' lang='lat' dir='ltr'>Nu-</span> 
     </span>
     <span class='ocr_line' id='line_1_28' title="bbox 411 2267 1859 2324; baseline 0 -16"><span class='ocrx_word' id='word_1_239' title='bbox 411 2270 464 2308; x_wconf 87' lang='lat' dir='ltr'>cis</span> <span class='ocrx_word' id='word_1_240' title='bbox 483 2270 684 2324; x_wconf 75' lang='lat' dir='ltr'>Juglandis</span> <span class='ocrx_word' id='word_1_241' title='bbox 705 2268 881 2323; x_wconf 82' lang='lat' dir='ltr'>globosus</span> <span class='ocrx_word' id='word_1_242' title='bbox 902 2267 954 2310; x_wconf 88' lang='lat' dir='ltr'>est</span> <span class='ocrx_word' id='word_1_243' title='bbox 985 2281 1027 2309; x_wconf 91' lang='lat' dir='ltr'>ut</span> <span class='ocrx_word' id='word_1_244' title='bbox 1049 2269 1114 2310; x_wconf 87' lang='lat' dir='ltr'>ille</span> <span class='ocrx_word' id='word_1_245' title='bbox 1139 2270 1386 2321; x_wconf 85' lang='lat' dir='ltr'>Rondeletii,</span> <span class='ocrx_word' id='word_1_246' title='bbox 1418 2269 1479 2310; x_wconf 84' lang='lat' dir='ltr'>sed</span> <span class='ocrx_word' id='word_1_247' title='bbox 1500 2270 1796 2323; x_wconf 80' lang='lat' dir='ltr'>complanatus,</span> <span class='ocrx_word' id='word_1_248' title='bbox 1822 2270 1859 2308; x_wconf 82' lang='lat'>8&lt;</span> 
     </span>
     <span class='ocr_line' id='line_1_29' title="bbox 411 2326 1858 2384; baseline 0.001 -19"><span class='ocrx_word' id='word_1_249' title='bbox 411 2329 592 2380; x_wconf 80' lang='lat' dir='ltr'>quamvis</span> <span class='ocrx_word' id='word_1_250' title='bbox 615 2327 723 2368; x_wconf 85' lang='lat' dir='ltr'>nobis</span> <span class='ocrx_word' id='word_1_251' title='bbox 744 2341 886 2383; x_wconf 83' lang='lat' dir='ltr'>parvus</span> <span class='ocrx_word' id='word_1_252' title='bbox 907 2327 1080 2378; x_wconf 85' lang='lat' dir='ltr'>dicatur,</span> <span class='ocrx_word' id='word_1_253' title='bbox 1110 2328 1149 2368; x_wconf 88' lang='lat' dir='ltr'>id</span> <span class='ocrx_word' id='word_1_254' title='bbox 1175 2341 1400 2384; x_wconf 83' lang='lat' dir='ltr'>comparate</span> <span class='ocrx_word' id='word_1_255' title='bbox 1424 2326 1570 2367; x_wconf 64' lang='lat' dir='ltr'>dietum</span> <span class='ocrx_word' id='word_1_256' title='bbox 1594 2326 1648 2366; x_wconf 91' lang='lat' dir='ltr'>est</span> <span class='ocrx_word' id='word_1_257' title='bbox 1668 2326 1858 2379; x_wconf 76' lang='lat' dir='ltr'>adalios3</span> 
     </span>
     <span class='ocr_line' id='line_1_30' title="bbox 413 2384 1859 2442; baseline 0 -17"><span class='ocrx_word' id='word_1_258' title='bbox 413 2385 492 2437; x_wconf 85' lang='lat' dir='ltr'>ejus</span> <span class='ocrx_word' id='word_1_259' title='bbox 513 2387 620 2425; x_wconf 85' lang='lat' dir='ltr'>enim</span> <span class='ocrx_word' id='word_1_260' title='bbox 642 2385 920 2439; x_wconf 72' lang='lat' dir='ltr'>magnitudinis</span> <span class='ocrx_word' id='word_1_261' title='bbox 942 2384 1081 2427; x_wconf 83' lang='lat' dir='ltr'>saltem</span> <span class='ocrx_word' id='word_1_262' title='bbox 1103 2386 1179 2438; x_wconf 84' lang='lat' dir='ltr'>est,</span> <span class='ocrx_word' id='word_1_263' title='bbox 1200 2402 1275 2442; x_wconf 84' lang='lat' dir='ltr'>qua</span> <span class='ocrx_word' id='word_1_264' title='bbox 1295 2390 1335 2428; x_wconf 90' lang='lat' dir='ltr'>in</span> <span class='ocrx_word' id='word_1_265' title='bbox 1353 2386 1511 2428; x_wconf 85' lang='lat' dir='ltr'>Tabula</span> <span class='ocrx_word' id='word_1_266' title='bbox 1532 2386 1725 2426; x_wconf 84' lang='lat' dir='ltr'>cernitur.</span> <span class='ocrx_word' id='word_1_267' title='bbox 1754 2388 1859 2439; x_wconf 85' lang='lat' dir='ltr'>Qua—</span> 
     </span>
     <span class='ocr_line' id='line_1_31' title="bbox 413 2441 1857 2495; baseline 0.002 -13"><span class='ocrx_word' id='word_1_268' title='bbox 413 2456 455 2482; x_wconf 90' lang='lat' dir='ltr'>re</span> <span class='ocrx_word' id='word_1_269' title='bbox 478 2441 599 2495; x_wconf 89' lang='lat' dir='ltr'>specie</span> <span class='ocrx_word' id='word_1_270' title='bbox 622 2446 782 2483; x_wconf 86' lang='lat' dir='ltr'>omnino</span> <span class='ocrx_word' id='word_1_271' title='bbox 803 2443 998 2485; x_wconf 86' lang='lat' dir='ltr'>diversum</span> <span class='ocrx_word' id='word_1_272' title='bbox 1029 2445 1077 2487; x_wconf 90' lang='lat' dir='ltr'>ab</span> <span class='ocrx_word' id='word_1_273' title='bbox 1099 2460 1145 2486; x_wconf 91' lang='lat' dir='ltr'>eo</span> <span class='ocrx_word' id='word_1_274' title='bbox 1166 2446 1394 2489; x_wconf 87' lang='lat' dir='ltr'>Rondeletii</span> <span class='ocrx_word' id='word_1_275' title='bbox 1415 2445 1488 2486; x_wconf 82' lang='lat' dir='ltr'>effe</span> <span class='ocrx_word' id='word_1_276' title='bbox 1520 2446 1688 2485; x_wconf 90' lang='lat' dir='ltr'>arbitror</span> <span class='ocrx_word' id='word_1_277' title='bbox 1709 2475 1718 2484; x_wconf 89' lang='lat'><strong>.</strong></span> <span class='ocrx_word' id='word_1_278' title='bbox 1752 2445 1857 2485; x_wconf 86' lang='lat' dir='ltr'>Rete</span> 
     </span>
     <span class='ocr_line' id='line_1_32' title="bbox 413 2499 1856 2560; baseline 0.001 -20"><span class='ocrx_word' id='word_1_279' title='bbox 413 2515 437 2544; x_wconf 82' lang='lat' dir='ltr'>a</span> <span class='ocrx_word' id='word_1_280' title='bbox 457 2499 714 2542; x_wconf 84' lang='lat' dir='ltr'>Piscatoribus</span> <span class='ocrx_word' id='word_1_281' title='bbox 734 2516 952 2558; x_wconf 86' lang='lat' dir='ltr'>numquam</span> <span class='ocrx_word' id='word_1_282' title='bbox 970 2505 1145 2558; x_wconf 86' lang='lat' dir='ltr'>capitur,</span> <span class='ocrx_word' id='word_1_283' title='bbox 1177 2506 1215 2546; x_wconf 76' lang='lat'>8&lt;</span> <span class='ocrx_word' id='word_1_284' title='bbox 1233 2506 1395 2560; x_wconf 88' lang='lat' dir='ltr'>proinde</span> <span class='ocrx_word' id='word_1_285' title='bbox 1416 2504 1464 2546; x_wconf 86' lang='lat' dir='ltr'>ab</span> <span class='ocrx_word' id='word_1_286' title='bbox 1484 2505 1530 2546; x_wconf 78' lang='lat' dir='ltr'>iis</span> <span class='ocrx_word' id='word_1_287' title='bbox 1560 2517 1638 2547; x_wconf 90' lang='lat' dir='ltr'>non</span> <span class='ocrx_word' id='word_1_288' title='bbox 1657 2503 1856 2557; x_wconf 86' lang='lat' dir='ltr'>rejicitur,</span> 
     </span>
    </p>

    <p class='ocr_par' dir='ltr' id='par_1_8' title="bbox 1756 2572 1798 2600">
     <span class='ocr_line' id='line_1_33' title="bbox 1756 2572 1798 2600; baseline 0 0"><span class='ocrx_word' id='word_1_289' title='bbox 1756 2572 1798 2600; x_wconf 86' lang='lat' dir='ltr'>ut</span> 
     </span>
    </p>
   </div>
   <div class='ocr_carea' id='block_1_7' title="bbox 451 2629 1369 2676">
    <p class='ocr_par' dir='ltr' id='par_1_9' title="bbox 451 2629 1369 2676">
     <span class='ocr_line' id='line_1_34' title="bbox 451 2629 1369 2676; baseline 0.005 -16"><span class='ocrx_word' id='word_1_290' title='bbox 451 2629 510 2667; x_wconf 81' lang='lat' dir='ltr'>(a)</span> <span class='ocrx_word' id='word_1_291' title='bbox 530 2630 712 2662; x_wconf 76' lang='lat' dir='ltr'>Lib-xvnr.</span> <span class='ocrx_word' id='word_1_292' title='bbox 734 2635 770 2663; x_wconf 74' lang='lat' dir='ltr'>cle</span> <span class='ocrx_word' id='word_1_293' title='bbox 785 2633 930 2671; x_wconf 67' lang='lat' dir='ltr'>Piscibus.</span> <span class='ocrx_word' id='word_1_294' title='bbox 954 2634 1146 2674; x_wconf 56' lang='lat' dir='ltr'>Capacvm.</span> <span class='ocrx_word' id='word_1_295' title='bbox 1167 2645 1232 2676; x_wconf 77' lang='lat' dir='ltr'>pag.</span> <span class='ocrx_word' id='word_1_296' title='bbox 1250 2645 1287 2665; x_wconf 87' lang='lat' dir='ltr'>m.</span> <span class='ocrx_word' id='word_1_297' title='bbox 1306 2637 1369 2675; x_wconf 80' lang='lat'>565.</span> 
     </span>
    </p>
   </div>
  </div>
 </body>
</html>
