1951 3085
493 229 547 293 32
787 221 922 276 DE
1006 214 1523 272 C-ONCHIS

420 333 534 374 lineis
564 331 601 370 8(
622 328 810 370 coloribus
831 327 886 368 est
905 337 1066 377 notata,
1096 340 1174 367 non
1205 326 1309 366 male
1342 325 1391 366 ad
1411 326 1591 366 Tellinas
1623 325 1873 367 referretur:

423 390 572 444 Qiinet
594 388 796 440 Mytulos,
826 383 891 425 seu
912 384 1132 436 Musculos,
1163 398 1332 439 quorum
1363 384 1439 424 duo
1462 383 1546 423 sunt
1568 397 1711 438 genera
1733 414 1745 434 ,
1776 385 1867 425 Gla-

421 447 537 487 brum
558 459 702 494 unum,
726 442 896 483 Pilosum
920 442 1115 493 alterum,
1135 443 1237 482 intus
1249 455 1384 483 tamen
1396 443 1617 482 violaceum
1641 454 1876 496 utrumque,

422 504 471 545 ad
497 503 675 543 Tellinas
696 501 843 542 referre
865 499 920 540 nil
940 511 1052 540 vetat
1073 529 1082 539 .
1117 500 1191 539 Sed
1223 501 1340 540 nimis
1361 500 1502 552 effem,
1533 513 1576 541 ut
1598 500 1703 551 dixi,
1734 499 1760 538 fi
1782 500 1876 539 Tel-

424 562 522 602 linas
543 560 711 611 nostraS,
743 558 973 613 praesertim
995 558 1188 609 minores,
1209 558 1245 597 8(
1265 559 1472 609 minimas,
1503 572 1603 612 quae
1628 560 1669 598 in
1689 556 1877 598 sedimen-

422 632 465 659 to
482 620 608 659 Maris
629 619 792 658 Littoris
812 617 952 667 nostri,
984 615 1132 656 vellem
1154 616 1300 657 referre
1321 647 1331 656 .
1365 616 1519 656 Vltimo
1542 617 1626 655 loco
1658 630 1737 655 non
1759 615 1880 655 filebo

424 676 629 717 Tellinam
650 689 818 730 parvam
838 675 954 715 lentis
976 673 1248 729 magnitudine
1270 704 1281 724 ,
1313 674 1349 713 8<
1371 675 1465 714 flavi
1488 674 1625 714 coloris
1647 673 1881 727 quibusdam

425 735 690 787 temporibus,
709 733 772 773 sed
791 732 1023 787 praesertim
1044 730 1176 772 mense
1199 730 1364 771 Octobri
1390 743 1501 772 tanta
1526 732 1638 785 copia
1660 746 1682 770 a
1703 745 1813 771 mare
1833 730 1882 771 ad

423 791 534 830 littus
566 791 704 843 rejici,
735 803 777 830 ut
808 792 1012 831 onerariae
1034 804 1155 830 naves
1187 790 1236 830 ad
1272 804 1335 830 eas
1357 788 1554 830 vehendas
1582 790 1653 829 vix
1674 789 1793 830 essent
1815 803 1880 843 pa-

421 863 503 889 res.
537 848 659 889 Pisces
679 851 872 898 minores,
902 847 1137 902 praesertim
1166 848 1313 897 Gobii,
1344 848 1381 886 8(
1404 847 1548 887 Stellae
1571 859 1755 887 ventrem
1777 846 1880 886 hisce

423 906 637 946 Conchulis
668 919 760 946 tunc
780 907 929 946 habent
950 905 1130 945 onustum
1153 935 1161 945 .
1196 908 1260 945 Ex
1284 904 1521 946 Cesenatico
1543 906 1661 944 Portu
1683 903 1882 944 advehun-

426 976 492 1004 tur
522 964 679 1005 viliores
709 963 907 1018 quaedam
938 964 1125 1004 Tellinae
1156 962 1458 1016 complanatae,
1490 961 1773 1012 subrotundae,
1803 964 1882 1002 Te-

424 1021 481 1061 sta
512 1036 561 1062 ex
584 1022 672 1062 albo
704 1023 881 1062 violacea
913 1020 1097 1072 fasciata,
1126 1021 1164 1060 8(
1182 1021 1335 1075 fragili.
1369 1024 1417 1060 In
1437 1023 1590 1060 Littore
1614 1022 1767 1060 Veneto
1789 1019 1883 1060 Tel-

426 1078 510 1118 lina
542 1080 619 1119 alia
649 1080 845 1132 reperitur
869 1078 1144 1132 Amygdalam
1175 1092 1265 1117 cum
1289 1080 1434 1120 cortice
1455 1079 1651 1127 referem,
1682 1079 1809 1119 colore
1830 1092 1882 1119 ex

427 1136 519 1176 albo
549 1137 751 1188 caeruleo,
782 1134 946 1191 rugosa3
980 1138 1094 1177 Haec
1116 1150 1272 1190 quoque
1304 1137 1432 1176 minus
1464 1137 1568 1192 grati
1599 1136 1762 1189 saporis.

419 1233 1886 1266 QQQQQJQQQQQQQQWQWWQQ

782 1313 1207 1366 CAPVT
1287 1313 1503 1365 XXVI.

422 1426 597 1465 SOLEN
623 1424 957 1461 ELLIPTlcvs
997 1431 1271 1461 MEDtoCRI
1301 1433 1704 1463 MAGNITVDINE
1733 1432 1883 1462 Bscv-

487 1489 697 1522 LENTvs
733 1479 1030 1518 CARDINEM
1069 1489 1236 1518 PRoPE
1274 1489 1495 1520 MEDIVM
1535 1481 1882 1520 GERENSLIT-

486 1548 646 1579 ToRls
683 1538 1056 1577 ARIMINENSIS
1080 1565 1089 1575 .
1123 1537 1219 1577 SEV
1244 1536 1419 1578 SoLEN
1444 1539 1661 1578 FEMINA
1696 1539 1877 1577 PLINII

483 1607 551 1638 ET
585 1597 900 1635 ATHENAEI.

425 1713 458 1751 Ι.
577 1712 752 1753 Olenem
773 1713 983 1753 Feminam
1006 1713 1045 1751 in
1067 1710 1226 1752 Tabula
1247 1715 1322 1752 III.
1356 1712 1478 1767 figura
1498 1713 1548 1751 V.
1581 1712 1726 1766 duplici
1748 1724 1880 1751 exem-

481 1718 561 1848 S
595 1771 660 1824 plo
682 1768 750 1809 sub
773 1771 915 1811 litteris
938 1772 968 1809 B
989 1770 1026 1809 8(
1048 1772 1083 1810 C
1104 1771 1212 1822 pingi
1235 1771 1481 1821 curavimus,
1512 1783 1633 1822 quam
1653 1770 1883 1809 Athenaeus

594 1827 821 1879 Pliniusque
835 1826 1025 1877 Onychas
1047 1826 1262 1865 unicolores
1287 1826 1495 1876 dixerunt,
1520 1827 1741 1877 8<aMare‚
1762 1839 1883 1879 quem

428 1884 551 1924 Aulos
571 1884 832 1934 Donacasque
855 1893 1069 1930 vocarunt,
1099 1881 1227 1919 colore
1247 1909 1259 1930 ,
1291 1882 1587 1934 magnitudine,
1618 1884 1655 1921 8(
1676 1882 1808 1936 sapore
1830 1883 1883 1922 di-

427 1941 570 1995 stingui
591 1939 801 1979 voluerunt
814 1967 823 1977 .
858 1937 1115 1977 Rondeletius
1135 1938 1264 1992 inquit
1287 1951 1295 1974 ε
1332 1936 1449 1977 nulla
1469 1941 1577 1979 natio
1597 1938 1775 1980 Solenem
1795 1943 1884 1980 Ma-

427 2014 507 2038 rem
529 1998 636 2038 hodie
657 2014 680 2036 a
701 1997 869 2036 femina
892 1996 1099 2050 distinguit
1119 1994 1214 2049 (a).
1250 1996 1461 2050 Propterea
1482 2010 1545 2037 eos
1564 1996 1798 2053 distinguere
1818 2011 1881 2039 ne-

429 2055 543 2096 scivit
565 2056 602 2094 8<
623 2053 701 2109 ipse
722 2083 734 2104 ,
765 2065 883 2107 atque
916 2067 1039 2092 unum
1062 2066 1149 2093 cum
1171 2054 1249 2093 alio
1271 2055 1439 2108 turpiter
1457 2055 1685 2109 permiscuit
1705 2085 1714 2094 .
1748 2058 1881 2095 Immo

432 2114 570 2155 eadem
592 2112 712 2153 Testa
732 2110 876 2165 duplici
896 2111 1082 2164 exemplo
1102 2110 1229 2165 picta,
1260 2112 1428 2152 alteram
1451 2127 1519 2167 pro
1538 2114 1679 2164 Mare,
1711 2113 1882 2154 alteram

429 2186 500 2226 pro
524 2172 693 2211 Femina
714 2169 937 2210 venditavit
957 2200 966 2209 .
1000 2170 1104 2210 Scire
1126 2170 1249 2224 igitur
1268 2169 1360 2210 licet
1391 2171 1548 2213 Solenes
1569 2172 1755 2213 feminas
1775 2201 1787 2223 ,
1818 2171 1882 2212 seu

433 2229 622 2281 Onychas
653 2242 753 2283 quae
776 2227 877 2282 apud
902 2241 970 2267 nos
990 2227 1078 2268 sunt
1098 2228 1429 2282 frequentissimae
1452 2259 1463 2280 ,
1495 2231 1530 2269 8(
1564 2244 1658 2283 quas
1689 2230 1776 2270 heic
1807 2230 1884 2283 pri·-³

433 2300 499 2328 mo
520 2286 603 2327 loco
635 2297 797 2340 propter
821 2284 992 2326 nostrum
1013 2285 1232 2330 institutum
1265 2285 1513 2326 describimus
1545 2301 1567 2326 a
1587 2289 1766 2328 Mai-ibus
1797 2288 1884 2328 infi-

432 2345 563 2398 gniter
582 2344 758 2386 differre.
793 2343 860 2384 Est
885 2346 992 2385 enim
1013 2346 1204 2397 Femina,
1236 2355 1277 2383 ut
1300 2346 1530 2385 Athenaeus
1551 2346 1587 2383 8(
1607 2346 1754 2385 Plinius
1774 2357 1883 2386 nota-

433 2402 519 2452 vit,
551 2402 747 2453 unicolor,
778 2403 839 2443 cui
871 2416 940 2442 nos
971 2402 1169 2453 addimus,
1201 2404 1237 2443 8(
1269 2404 1418 2455 minor,
1449 2404 1485 2442 8(
1518 2403 1641 2459 figura
1673 2403 1847 2457 elliptica
1867 2432 1880 2455 ,

432 2460 471 2500 ὅ(
502 2459 702 2502 cardinem
733 2474 853 2515 prope
887 2460 1062 2502 medium
1093 2461 1273 2516 gestans,
1304 2463 1407 2505 utin
1428 2462 1560 2518 figuris
1581 2462 1710 2504 allatis
1732 2461 1798 2501 sub
1819 2462 1881 2501 lit-³

1730 2532 1823 2564 teris

473 2585 528 2622 (a)
550 2586 647 2618 Lim.
668 2589 703 2617 de
724 2586 860 2624 Testaceis
881 2585 1009 2623 Cap-42.
1029 2595 1150 2626 pag-43.
