1951 3085
405 225 778 282 MINVS
862 223 1246 282 Norrs.
1404 244 1460 295 23

84 340 191 381 'hanc
221 333 386 377 Testam
417 335 466 376 sle
497 334 755 376 describemus
775 365 786 375 .
820 338 921 377 Nux
953 336 1114 378 Marina
1135 336 1256 378 Testa
1276 338 1542 392 patentiffima.

89 409 228 452 parum
261 396 301 435 in
322 393 358 435 se
391 395 600 435 convoluta
630 396 814 449 Vnguem
835 395 1052 436 humanam
1076 395 1247 437 reserens
1267 426 1279 446 ,
1310 396 1413 448 cujus
1444 398 1540 437 Ani-

85 454 168 495 mal
188 453 490 507 cartilagineum
512 451 565 492 est
586 453 623 492 8<
641 466 858 507 2magnum3
894 453 957 494 seu
979 454 1136 493 brevius
1158 468 1166 492 z
1198 454 1429 509 Amygdala
1450 455 1542 495 Ma-

85 512 172 552 rina
192 510 502 552 Ariminensium
523 541 534 561 ,
565 511 600 550 8<
624 512 750 564 Lepus
781 511 844 551 seu
864 510 1021 549 Hirudo
1033 511 1195 550 Marina
1218 511 1449 565 quibusdam
1463 542 1474 552 .

149 572 224 608 III.
263 571 461 624 Qioniam
495 569 542 609 de
562 570 745 610 Nucibus
764 569 935 607 Marinis
966 567 1104 606 incidit
1124 566 1276 619 sermo,
1308 570 1542 611 referremus

89 628 211 669 etiarn
233 628 345 679 heic,
377 641 418 667 ut
443 627 554 681 supra
574 627 797 675 innuimus,
825 625 949 664 aliam
980 639 1031 665 ex
1051 625 1133 675 his,
1164 639 1264 679 quae
1285 624 1378 667 licet
1416 628 1456 666 in
1477 641 1545 667 no-

85 685 161 726 stro
181 687 336 725 Littore
369 698 456 722 raro
487 684 727 735 reperiatur,
757 683 799 721 111
820 684 974 722 Littore
996 696 1132 722 tamen
1152 684 1371 724 Ravennae
1386 714 1398 736 ,
1430 685 1466 723 8<
1493 684 1542 724 ad

86 743 197 784 Ostia
219 741 312 780 Padi
330 770 342 791 ,
374 753 418 779 ut
440 754 513 794 ego
532 739 761 790 observavi,
783 740 836 781 est
854 741 1186 795 frequentissima.
1221 743 1335 781 Haec
1355 744 1541 783 convenit

76 799 245 854 'quidem
278 811 369 838 cum
403 799 542 838 ceteris
574 798 752 839 Nucibus
784 801 953 839 Marinis
984 829 997 850 ,
1037 813 1131 853 quas
1161 800 1298 853 passim
1318 799 1542 841 describunt

83 858 294 899 Naturalis
327 856 525 896 Historiae
558 857 794 911 Scriptores,
825 858 890 897 1ed
922 857 1040 898 Testa
1075 858 1221 897 constat
1243 857 1454 898 admodum
1489 869 1543 899 te-

83 916 186 965 nui,
219 928 260 954 ut
290 914 405 955 facile
424 914 653 969 frangatur.
687 917 802 955 Haec
825 915 946 955 Testa
977 915 1111 957 multis
1140 917 1183 955 in
1202 915 1297 956 locis
1329 916 1383 956 est
1415 918 1543 967 flava,

87 974 124 1013 8<
148 972 282 1012 multis
313 973 540 1023 subalbida,
571 986 691 1026 quare
723 974 996 1027 magnitudine
1028 974 1064 1011 8<
1097 974 1225 1013 colore
1250 1004 1262 1024 ,
1290 975 1419 1028 potius
1436 974 1542 1027 Juju-

87 1031 181 1071 bam
201 1029 498 1070 semimaturam
519 1030 666 1080 refert,
697 1045 817 1084 quam
837 1032 1020 1070 Nucem.
1053 1032 1172 1070 Hanc
1194 1030 1380 1084 Josephus
1400 1033 1542 1072 Zinan-

86 1090 172 1128 nius
193 1102 313 1142 quam
335 1087 613 1142 Sanguisucam
635 1090 837 1128 Marinam
858 1089 1051 1141 majorem
1073 1088 1247 1142 appellat
1270 1119 1282 1139 ,
1312 1087 1541 1130 observavit

86 1145 227 1186 itidem
257 1147 453 1200 Favagini
486 1146 643 1186 sortiter
673 1146 835 1187 haerere
854 1176 867 1197 ,
908 1148 945 1186 8<
977 1161 1136 1188 carnem
1164 1147 1310 1188 habere
1339 1147 1542 1201 ,cartilagi-

86 1217 203 1246 neam
222 1233 233 1254 ,
264 1205 391 1258 capite
424 1205 461 1243 8<
480 1205 659 1243 cornibus
691 1218 846 1256 carere,
874 1203 941 1246 sed
962 1219 1002 1246 os
1022 1204 1234 1245 rotundum
1256 1205 1304 1245 ad
1325 1204 1543 1259 sugendum

86 1274 223 1317 gerere
256 1275 347 1300 cum
367 1261 512 1301 duabus
533 1263 603 1301 alis
624 1263 724 1301 circa
746 1261 895 1315 ipsum,
927 1277 1027 1316 quae
1046 1264 1133 1302 loco
1153 1263 1298 1315 pedum
1319 1262 1427 1313 sunt,
1460 1263 1542 1316 qui-

86 1320 156 1359 bus
186 1319 335 1358 animal
356 1319 605 1373 progreditur
624 1349 633 1358 .
668 1318 910 1360 Observavit
941 1319 1097 1373 insuper
1126 1320 1298 1360 colorem
1329 1321 1442 1360 illum
1475 1323 1541 1360 fla-

86 1390 185 1417 vum
214 1390 293 1415 non
322 1377 372 1416 ad
394 1376 556 1417 Testam
578 1375 702 1430 reipsa
736 1378 933 1430 pertinere
954 1407 966 1426 ,
997 1376 1060 1417 sed
1081 1392 1132 1417 ex
1153 1378 1326 1430 quadam
1356 1378 1542 1432 pellicula.

84 1435 203 1485 oriri,
228 1447 327 1487 quae
348 1434 374 1473 fi
396 1448 446 1473 ex
468 1435 615 1475 recenti
634 1435 799 1473 animali
821 1434 1075 1485 detrahatur,
1098 1447 1139 1475 ut
1162 1434 1319 1475 detrahi
1337 1435 1440 1490 posse
1462 1433 1542 1490 ipse

83 1492 303 1542 asseverat,
332 1492 543 1532 Concham
563 1492 695 1532 albam
716 1493 877 1532 omnino
898 1506 1125 1534 remanere.

143 1551 241 1589 1111.
273 1551 321 1589 In
341 1548 472 1590 Insula
492 1551 583 1591 Ilva
614 1551 811 1603 reperitur
828 1550 908 1591 alia
930 1552 1030 1590 Nux
1046 1552 1233 1601 Marina,
1261 1565 1364 1605 quae
1385 1551 1542 1591 umbili-

82 1622 130 1648 co
151 1621 248 1648 cavo
272 1606 326 1646 est
346 1607 489 1648 donata
510 1638 522 1659 ,
553 1608 655 1660 cujus
675 1609 905 1662 exemplum
927 1608 974 1648 ad
995 1623 1063 1649 me
1084 1609 1188 1649 misit
1209 1610 1283 1648 Vir
1302 1609 1543 1650 Humaniffi-

84 1679 170 1705 mus
200 1665 391 1705 Nicolaus
414 1666 638 1707 Gualterius
670 1668 814 1720 Magni
836 1667 958 1706 Ducis
978 1667 1165 1707 Etruriae
1198 1667 1377 1709 Medicus
1396 1696 1410 1717 ,
1439 1681 1539 1721 quae

85 1724 135 1765 ab
159 1721 240 1777 ipso
260 1735 351 1776 apte
372 1723 422 1762 fic
442 1723 673 1764 describitur
695 1737 703 1761 ε
738 1725 839 1764 Nux
871 1726 1025 1765 marina
1055 1726 1248 1779 oblonga,
1280 1725 1511 1764 umbilicata
1530 1754 1543 1775 ,

87 1793 156 1821 ore
179 1780 399 1834 angustiore
420 1782 641 1834 inaequali,
674 1780 897 1821 subcinerea
916 1783 1080 1822 maculis
1100 1783 1138 1821 δε
1157 1783 1270 1822 lineis
1291 1782 1405 1821 fuscis
1423 1783 1543 1836 nigri-

85 1851 177 1878 cans
207 1852 257 1877 ex
279 1837 366 1876 Ilva
380 1866 389 1875 .

450 2013 492 2062 C
545 2012 610 2063 Α
662 2011 708 2063 Ρ
771 2012 824 2061 V
873 2012 922 2063 T
1010 2013 1134 2063 XV.

86 2125 390 2164 CoNcHVLA
430 2131 641 2161 MINIMA
675 2123 941 2162 LITToR1s
971 2122 1344 2163 ARIMINENSIS
1382 2133 1542 2163 ALTE-

146 2192 212 2221 RA
251 2190 423 2220 PARTE
452 2189 740 2221 ALBISSIMA
765 2209 777 2231 ,
814 2190 991 2220 SEMEN
1025 2182 1185 2221 M1L11
1225 2190 1541 2221 PERFECTIS—

149 2249 275 2279 SIME
307 2247 608 2278 REFERENS.

264 2413 331 2453 nisi
355 2428 443 2453 eam
465 2412 538 2452 esse
562 2413 773 2453 admodum
796 2426 927 2452 raram
952 2412 991 2451 in
1014 2411 1230 2452 sedimento
1254 2410 1406 2459 nostro,
1426 2411 1462 2449 8<
1484 2409 1540 2449 sa-

264 2473 311 2512 tis
332 2485 423 2525 apte
445 2471 728 2525 repraesentari
763 2485 846 2510 111111
880 2471 919 2509 111
942 2469 1038 2509 statu
1061 2469 1229 2509 naturali
1252 2498 1264 2520 ,
1294 2482 1379 2508 turn
1402 2468 1539 2521 ampli-

86 2530 245 2572 ficatam
276 2531 317 2570 in
338 2530 496 2570 Tabula
522 2531 576 2569 ΙΙ.
598 2531 744 2585 Figura
768 2531 838 2569 VI.
870 2527 938 2568 sub
956 2529 1100 2568 litteris
1120 2528 1168 2567 G.
1190 2529 1246 2568 H.
1264 2529 1296 2567 Ι.
1317 2538 1484 2625 9111αᾶ11111
1502 2526 1539 2566 G

1362 2599 1380 2624 6
1417 2595 1482 2623 am

88 2353 322 2522 Qsod
344 2354 484 2395 addam
510 2355 625 2396 titulo
648 2356 806 2410 ignotae
828 2353 938 2407 hujus
960 2353 1125 2392 miliaris
1137 2351 1279 2394 Testae
1301 2353 1371 2393 vix
1389 2351 1539 2403 habeo,
