1951 3085
431 163 529 242 Ἴ44.
733 177 868 231 Ι)Ε
949 156 1520 232 (3(5Ν”ΕἙΙΙΞ’

385 288 426 326 ni
445 286 638 327 foramine
661 283 826 324 rotundo
856 282 929 322 fint
955 279 1112 322 donati.
1145 281 1230 322 Alii
1251 295 1345 322 vero
1375 294 1447 334 pro
1480 281 1673 336 Spongiae
1706 279 1833 335 specie

385 344 531 384 habent
552 354 712 396 propter
731 341 901 396 figuram
930 340 967 379 8(
991 340 1199 380 levitatem
1220 369 1229 378 .
1264 340 1371 378 Huic
1393 338 1612 391 Alcyonio‚
1645 352 1687 379 ut
1707 338 1832 378 obser-

386 402 497 440 vavit
516 398 701 453 Josephus
713 397 947 448 Zinannius‚
963 396 1127 438 haerent
1149 399 1284 438 Nuces
1305 397 1396 437 illae
1419 397 1594 436 marinae
1611 397 1759 436 nostrae
1779 395 1832 435 la-

386 470 428 497 ta
449 457 569 497 Testa
600 458 637 495 8(
657 455 867 497 convoluta
888 485 900 506 ‚
930 466 974 494 ut
995 455 1167 494 diximus
1199 453 1273 509 (a)
1295 485 1304 494 .
1339 456 1548 507 Propterea
1581 456 1714 495 Nuces
1745 453 1839 493 illas·

385 516 459 555 Vir
480 514 721 556 Clarissimus
753 513 970 553 Hirudines
1001 512 1173 552 marinas
1205 512 1371 552 vocabat
1395 542 1404 551 .
1438 511 1612 552 Secundo
1642 513 1728 552 loco
1760 511 1834 561 fre-

387 587 509 627 quens
529 571 628 612 subit
650 570 890 612 Piscatorum
911 571 1011 612 retia
1043 570 1285 622 Alcyonium
1306 570 1445 610 durum
1467 601 1478 622 ,
1511 584 1700 625 magnum
1715 599 1727 620 ,
1758 581 1835 609 tor-

387 631 504 673 tuofis
522 628 774 672 amfractibus
795 640 1057 678 excavatum,
1089 627 1193 681 quod
1223 627 1340 668 nostri
1366 629 1572 668 Turhante
1602 640 1764 682 propter
1795 627 1842 665 fin'

388 688 655 730 militudinem
677 687 891 742 quamdam
912 701 1002 727 cum
1021 688 1247 726 Turcarum
1268 687 1393 726 Tiasa
1414 685 1614 740 appellant
1631 715 1640 724 .
1675 687 1764 724 Hoc
1787 698 1837 724 an

388 745 483 786 satis
504 747 603 786 bene
626 745 862 800 descriptum
882 745 927 785 fit
959 745 1007 785 ab
1039 742 1274 783 Auffloribus
1295 745 1488 784 Botanicis
1520 743 1635 783 valde
1667 742 1801 781 dubito
1826 772 1836 782 .

389 804 456 843 Ad
477 817 665 857 magnam
685 804 832 843 molem
854 802 1011 856 assurgit
1031 831 1043 853 ‚
1074 814 1116 841 ut
1145 801 1341 849 diameter
1360 803 1470 841 unius
1487 831 1498 852 ,
1530 801 1631 854 quod
1653 800 1754 853 apud
1775 814 1845 840 me.

389 861 468 911 est,
500 860 773 915 sesquipedalis
794 860 1046 914 longitudinis
1066 860 1286 913 reperiatur
1305 889 1316 910 ‚
1348 860 1385 898 8(
1405 857 1723 898 circumferentia
1757 871 1844 910 pro—

391 919 482 959 inde
504 919 608 959 ultra
640 930 806 973 quatuor
826 918 940 972 pedes
960 918 1185 971 porrigatur
1205 947 1215 956 .
1249 916 1464 970 Quodlibet
1485 917 1626 956 horum
1648 916 1688 955 in
1711 914 1841 954 medio

390 977 572 1018 foramen
604 992 654 1017 ex
688 988 851 1030 utraque
875 988 983 1029 parte
1016 988 1222 1029 permeans
1252 975 1393 1015 habet.
1428 978 1563 1032 Quare
1596 973 1844 1026 Alcyonium

391 1035 468 1077 hoc
491 1035 614 1088 magis
636 1033 796 1073 Fiscinis
816 1033 892 1072 illis
912 1033 1054 1085 junceis
1075 1062 1086 1082 ,
1118 1047 1218 1086 quae
1249 1034 1363 1072 olivis
1385 1033 1548 1072 contusis
1570 1032 1707 1086 plenae
1730 1031 1845 1070 Prelo

394 1092 444 1134 ad
464 1092 594 1132 oleum
618 1091 861 1131 educendum
874 1089 1160 1143 supponuntur,
1179 1090 1302 1130 simile
1324 1090 1395 1141 est,
1412 1106 1530 1144 quarn
1544 1092 1691 1130 Tiarae
1706 1089 1850 1129 Turci-,

394 1164 464 1190 cae
479 1179 489 1189 .
524 1148 700 1189 Describi
724 1150 844 1203 igitur
863 1148 984 1202 poffet
1007 1161 1015 1184 :
1051 1146 1288 1202 Alcyonimn
1308 1149 1441 1188 durum
1464 1163 1646 1202 magnum
1667 1177 1678 1196 ,
1708 1160 1848 1185 tortum

389 1207 447 1263 fis
460 1206 612 1260 sinibus
631 1219 883 1256 excavatum,
901 1206 1001 1245 (Tin
1023 1206 1140 1245 medio
1154 1205 1414 1260 peyforatum,
1434 1204 1635 1243 oleariam
1648 1204 1852 1256 Ftscinam

394 1265 579 1319 referens.
602 1264 710 1303 Huic
720 1263 917 1315 Alcyonio
939 1277 1015 1316 quo
1029 1263 1076 1302 ad
1096 1263 1283 1302 duritiem
1306 1263 1343 1300 8(
1364 1263 1562 1301 internam
1584 1261 1746 1315 pulpam
1767 1261 1849 1301 val-

398 1322 446 1363 de
467 1321 590 1361 fimile
611 1321 663 1362 est
689 1321 931 1374 Alcyonium
954 1321 1124 1361 alterum
1148 1320 1330 1373 glabrum
1350 1321 1386 1359 8(
1409 1322 1580 1370 flavum,
1612 1319 1852 1373 Malumque

397 1380 628 1433 Cydonium
660 1378 828 1420 referens
850 1408 861 1429 ,
892 1392 914 1417 a
946 1376 1201 1417 Piscatoribus
1233 1378 1368 1417 nostris
1402 1381 1580 1432 Cotogmt
1611 1379 1763 1416 marina
1794 1377 1849 1416 di-

397 1436 528 1477 Erum.
563 1436 707 1476 Colore
728 1436 818 1475 huic
848 1449 1041 1491 perquam
1072 1435 1195 1475 simile
1229 1434 1282 1474 est
1313 1437 1350 1474 8(
1371 1436 1541 1475 alterum
1573 1435 1815 1487 Alcyonium
1838 1463 1851 1485 ‚

398 1494 465 1535 sed
487 1494 757 1548 magnitudine
779 1494 897 1548 longe
919 1495 1047 1534 minus
1067 1522 1078 1543 ,
1109 1504 1152 1533 ut
1173 1507 1293 1532 ovum
1316 1493 1592 1534 Gallinaceum
1624 1492 1688 1532 vel
1711 1506 1852 1545 parvu-

398 1553 484 1593 lum
505 1554 704 1592 Limonem
724 1552 870 1593 referat
888 1581 897 1591 .
931 1550 1127 1592 Flavescit
1148 1551 1252 1591 enin]
1278 1551 1439 1604 pulchre
1473 1563 1515 1590 ut
1536 1550 1695 1590 Medica
1718 1550 1855 1600 Mala,

400 1612 504 1650 intus
524 1610 642 1664 pulpa
663 1610 816 1651 duriore
838 1609 1008 1660 constat,
1039 1610 1076 1648 8(
1098 1609 1201 1649 fibris
1222 1608 1407 1649 radiatim
1429 1607 1640 1662 dispofitis,
1662 1607 1778 1648 odore
1801 1607 1855 1647 est

403 1668 620 1708 admodum
638 1668 873 1722 pisculento.
906 1667 1087 1708 Describi
1109 1666 1253 1721 poffet:
1288 1665 1695 1721 Alcyoniumflavmn
1715 1665 1856 1716 durius,

401 1742 541 1776 ovum,
562 1723 631 1765 vel
645 1738 816 1782 parvum
837 1724 982 1765 malum
1004 1727 1178 1766 Citrium
1198 1724 1362 1778 referens
1381 1754 1390 1764 .
1423 1727 1578 1777 Longus
1599 1723 1715 1763 nimis
1737 1723 1858 1763 effem

402 1783 429 1823 fi
451 1797 614 1837 corpora
633 1785 766 1822 omnia
788 1785 990 1822 maritima
1022 1783 1111 1822 heic
1132 1783 1277 1820 referre
1298 1782 1445 1823 vellem
1466 1810 1476 1821 .
1509 1783 1609 1821 Non
1633 1781 1859 1836 praeteribo

403 1854 545 1881 tamen
578 1840 722 1880 referre
755 1840 996 1891 Alcyonium
1027 1838 1307 1877 foraminosum
1340 1839 1535 1891 Imperati
1556 1867 1568 1890 ,
1598 1840 1636 1878 8(
1666 1839 1861 1881 Arantias

405 1899 579 1939 marinas
600 1896 673 1951 (b)
697 1896 823 1938 colore
844 1896 962 1938 viridi
981 1895 1044 1935 hic
1063 1896 1136 1938 esse
1156 1895 1488 1948 frequentissimas
1501 1925 1511 1937 .

1700 2412 1851 2463 effi?

476 2519 490 2594 ἒ
510 2517 575 2547 Vid.
587 2517 665 2555 fictor.
687 2518 785 2556 Caput
800 2527 907 2547 x1111.
930 2518 1042 2548 Primae
1059 2517 1156 2549 Partis
1177 2527 1257 2550 num.
1268 2520 1308 2550 11.

429 2518 469 2593 ἐζ
514 2556 601 2596 Casp.
616 2556 742 2586 Bauhin.
764 2557 907 2595 Pi71.369.
