1951 3085
493 237 1496 320 PRAEFAT1Q'5

134 377 223 404 rum
248 360 436 402 Conchae
457 359 568 402 testes
588 361 674 403 sunt
706 375 749 403 ut
770 364 941 405 diximus
971 379 1138 421 magnae
1160 365 1263 406 illius
1283 366 1320 405 8<
1339 364 1496 406 divinae
1518 379 1584 406 ex-

135 420 358 461 undationis
379 433 391 471 3
425 418 489 459 vel
520 420 546 458 fi
579 420 618 460 id
648 436 725 462 non
744 422 963 476 praestant,
996 436 1039 463 ut
1059 426 1186 464 minus
1209 438 1299 478 apte
1319 423 1474 464 sortasse
1496 436 1585 463 con-

135 478 303 518 tendunt
324 476 501 517 nonnulli
524 489 535 528 3
569 480 790 532 probabunt
822 493 956 519 tamen
985 492 1062 517 non
1092 479 1249 521 obscure
1281 482 1476 522 maximas
1497 480 1584 519 illas

135 536 355 576 Platonicas
377 536 495 575 Orbis
517 538 735 578 Terrarum
759 535 1022 576 revolutiones
1041 536 1424 591 exundationesque,
1443 539 1480 578 &
1503 551 1584 577 ma—

134 607 234 648 gnae
256 593 459 634 vetustatis
482 594 596 647 ipsius
616 593 759 634 Mundi
792 605 906 632 erunt
937 606 1016 631 non
1036 592 1194 633 obscura
1216 594 1437 636 testimonia
1457 625 1469 646 ‚
1500 609 1585 649 quae

132 666 193 692 res
225 666 302 691 non
323 651 575 691 mediocriter
604 649 748 703 fatigat
781 649 1051 705 Chronologos
1071 681 1080 690 .
1114 654 1249 692 Tanta
1271 652 1426 707 insuper
1446 652 1499 694 est
1518 653 1585 692 ha-

132 723 221 748 rum
253 720 385 746 rerum
419 706 618 759 elegantia
651 708 688 746 8<
709 706 792 746 usus
813 737 824 758 ,
854 719 897 748 ut
929 708 1084 763 aliquae
1114 724 1249 750 earum
1279 713 1468 765 pecuniae
1499 710 1585 750 loco

133 763 235 819 apud
266 762 450 817 quaid-ani
474 764 662 804 Barbaras
683 766 846 806 Genteis
867 765 1088 807 habeantur
1107 797 1116 806 .
1150 768 1307 808 Addam
1339 768 1504 821 denique
1537 766 1585 807 ad

131 824 240 863 vitae
262 820 372 860 usum
386 851 396 871 ,
419 822 455 859 8<
477 820 642 862 humani
666 825 817 877 generis
837 826 1163 880 propagationem
1184 855 1195 876 ,
1227 825 1397 867 multum
1420 824 1584 879 praesta-

132 895 172 921 re
206 881 376 919 marinas
395 879 577 920 Conchas
599 910 610 931 ,
641 893 683 920 ut
705 881 836 921 Tabes
859 882 1004 936 aliique
1027 885 1225 938 graviores
1245 884 1380 924 Morbi
1412 882 1476 923 esu
1507 897 1586 923 car-

131 940 243 978 nium
274 936 434 978 istarum
466 936 683 990 sanentur3
716 937 1023 994 scrutatoresque
1045 953 1208 982 naturae
1240 941 1495 982 observarunt
1517 942 1584 981 Po-

134 996 243 1050 pulos
264 996 426 1035 Littoris
439 996 564 1035 Maris
585 996 730 1036 incolas
752 1011 846 1051 prae
870 998 1174 1039 Mediterraneis
1194 999 1461 1041 foecundiores
1482 997 1555 1038 esse
1567 1010 1581 1048 ‚·

133 1054 182 1093 ob
212 1052 318 1094 esum
349 1054 457 1093 enim
487 1053 736 1108 frequentem
761 1053 928 1095 Piscium
950 1086 962 1108 ,
993 1056 1309 1109 Conchyliorum
1329 1055 1586 1112 praesertim,

134 1125 301 1165 quorum
323 1111 500 1152 carnium
512 1111 632 1151 fibrae
657 1112 876 1165 breviores,
895 1115 932 1152 8<
945 1114 993 1155 ad
1013 1114 1269 1168 digestionem
1291 1117 1461 1169 aptiores
1474 1144 1485 1165 ‚
1505 1127 1586 1154 ma-

133 1171 191 1225 gis
222 1169 379 1208 aluntur
399 1169 603 1221 homines,
634 1181 751 1224 atque
773 1170 861 1212 inde
892 1172 940 1212 ad
962 1173 1125 1212 Veneris
1147 1187 1205 1213 res
1226 1173 1390 1213 validius
1411 1172 1585 1212 excitan-

132 1239 219 1277 tur,
239 1228 276 1265 8<
300 1241 420 1281 genus
442 1226 551 1268 suum
574 1240 818 1282 propagant;
851 1231 1089 1285 Marinaque
1111 1233 1242 1270 Venus
1263 1246 1312 1271 ex
1336 1231 1393 1270 his
1414 1243 1491 1269 non
1512 1230 1583 1269 im-

132 1286 276 1325 merito
297 1299 319 1324 a
340 1286 467 1324 Poetis
488 1285 641 1324 dicatur
661 1315 670 1324 .
706 1289 840 1339 Qiare
873 1301 995 1338 quum
1016 1289 1199 1327 Marinae
1220 1288 1409 1327 Conchae
1439 1299 1584 1327 cetera-

132 1356 208 1396 que
232 1341 270 1380 id
290 1355 410 1395 genus
432 1342 651 1381 animantia
670 1370 682 1392 ,
713 1353 871 1381 tantum
892 1343 1090 1397 elegantia
1111 1373 1122 1394 ‚
1157 1345 1351 1385 varietate
1383 1345 1419 1383 8<
1450 1358 1585 1384 nume-

130 1414 176 1440 ro
197 1399 417 1449 excellant,
449 1411 567 1453 atque
599 1412 722 1452 quum
753 1411 812 1438 tot
831 1399 916 1439 usus
938 1401 1087 1441 abunde
1110 1400 1328 1455 praestent,
1359 1402 1404 1442 de
1437 1401 1496 1442 his
1516 1404 1586 1456 igi-

131 1469 196 1498 tur
213 1459 318 1512 prius
337 1457 446 1496 nobis
465 1456 673 1496 dicendum
686 1486 698 1508 ,
718 1456 948 1510 praesertim
970 1473 1092 1513 quum
1112 1459 1198 1500 heic
1219 1459 1392 1514 plurima
1411 1459 1584 1500 nondum

130 1527 248 1556 antea
267 1526 384 1566 nota,
415 1529 538 1569 eaque
559 1514 823 1569 pulcherrima
844 1515 1130 1558 describantur.
1471 1544 1475 1549 -

187 1572 262 1614 Sed
285 1585 499 1627 antequam
519 1572 566 1613 de
587 1573 647 1613 his
666 1572 774 1624 dico,
800 1575 900 1614 ratio
920 1574 1108 1630 postulat,
1129 1589 1171 1617 ut
1191 1577 1323 1631 paucis
1344 1576 1436 1631 quid
1457 1575 1582 1617 dicen-

131 1630 228 1672 dum
256 1631 302 1671 sit
333 1646 554 1686 exponam,
585 1633 622 1672 8<
642 1646 719 1687 quo
743 1632 877 1673 ordine
899 1663 908 1673 .
942 1634 1151 1674 Sciendum
1186 1637 1306 1690 igitur
1339 1633 1582 1689 Opusculum

130 1688 206 1729 hoc
238 1689 342 1743 quod
372 1690 418 1730 de
439 1690 614 1743 Conchis
634 1692 762 1730 minus
782 1692 883 1731 notis
911 1691 1168 1746 inscripsimus
1193 1725 1204 1743 ‚
1236 1692 1339 1748 quod
1371 1692 1583 1742 Conchae‚

130 1745 195 1787 seu
215 1744 358 1799 Testae
378 1747 610 1801 praesertim
631 1748 797 1800 majores
817 1762 982 1789 numero
1003 1763 1274 1804 exponantur,
1305 1752 1345 1790 in
1366 1751 1510 1804 parteis
1531 1750 1584 1789 di-

129 1803 212 1844 vidi
234 1804 326 1841 treis
340 1831 350 1840 .
382 1807 430 1840 In
449 1805 580 1855 prima
600 1804 646 1841 de
668 1805 838 1840 Conchis
859 1819 1021 1855 agemus
1050 1822 1151 1856 quae
1174 1821 1312 1846 revera
1336 1808 1400 1846 vel
1425 1810 1582 1859 ignotae

85 1879 91 1883 ·
130 1859 256 1913 adhuc
280 1856 513 1899 exstiterunt
535 1887 548 1909 ,
577 1857 641 1898 vel
662 1859 790 1897 minus
820 1870 939 1900 notae
960 1858 1070 1910 sunt,
1102 1862 1138 1900 δ(
1160 1862 1200 1900 in
1220 1862 1327 1902 libris
1349 1863 1482 1916 passim
1506 1878 1584 1903 non

133 1913 404 1971 reperiuntur}
437 1915 612 1957 Secunda
632 1916 724 1955 Pars
754 1916 832 1956 erit
864 1915 1050 1958 traRatio
1083 1918 1238 1961 breuior
1269 1920 1315 1961 de
1340 1920 1583 1973 Crustaceis,

130 1987 176 2015 ut
196 1986 364 2029 vocant,
394 1973 440 2013 de
464 1973 628 2015 Cancris
659 1973 804 2015 scilicet
835 1975 1088 2029 quibusdam,
1119 1978 1156 2016 8<
1179 1976 1224 2017 de
1248 1978 1376 2019 Stellis
1399 1980 1582 2030 marinis,

69 2046 72 2047 ⁷
130 2047 232 2087 quae
255 2031 396 2072 eodem
417 2031 533 2071 modo
553 2032 617 2073 vel
638 2032 776 2088 ignota
794 2031 880 2073 sunt
901 2063 913 2084 ‚
944 2034 1008 2076 vel
1029 2048 1106 2074 non
1128 2034 1217 2075 satis
1239 2036 1336 2077 bene
1358 2035 1550 2091 descripta
1570 2067 1580 2077 .

131 2093 193 2130 Ac
213 2090 380 2143 denique
403 2091 522 2130 tertio
545 2090 631 2129 loco
651 2104 811 2145 agemus
833 2091 1052 2133 brevissime
1081 2093 1128 2133 de
1149 2093 1378 2147 quibusdam
1399 2096 1582 2149 Corpori-

132 2149 203 2188 bus
225 2148 385 2188 marinis
407 2147 511 2188 duris
531 2148 689 2202 quidem
721 2150 758 2188 8<
779 2149 943 2190 carnosis
962 2180 974 2201 ,
1006 2149 1069 2191 sed
1100 2165 1199 2205 quae
1231 2151 1279 2193 ad
1301 2151 1515 2202 Testacea,
1546 2154 1583 2192 8<

132 2205 344 2246 Crustacea
363 2236 375 2256 ,
406 2204 470 2246 seu
491 2205 540 2245 ad
563 2205 927 2259 Ostracodermata,
959 2220 1001 2248 ut
1024 2210 1164 2250 Graeci
1185 2209 1316 2262 ajunt,
1346 2209 1484 2250 referri
1506 2224 1584 2250 non

131 2263 307 2318 poffunt,
339 2261 545 2319 minusque
567 2277 657 2319 apte
689 2267 729 2305 in
748 2266 857 2306 libris
877 2265 1067 2320 descripta
1088 2267 1196 2307 sunt.
1230 2269 1309 2308 Res
1329 2281 1462 2308 omnes
1484 2282 1584 2321 quae

133 2322 220 2362 heic
243 2335 494 2376 exponuntur
513 2323 676 2362 Littoris
691 2324 864 2364 &Maris
876 2325 1051 2364 Arimini
1072 2325 1288 2379 peculiares
1309 2323 1420 2376 sunt;
1446 2326 1583 2379 quibus
1624 2323 1627 2325 Α

131 2380 366 2435 plerumque
389 2380 531 2435 figuras
556 2395 645 2421 aere
677 2381 811 2422 incisas
843 2382 1082 2423 addidimus.
1115 2384 1247 2423 Primo
1267 2383 1352 2423 loco
1375 2384 1496 2437 igitur
1517 2398 1582 2423 ex-

131 2452 319 2492 ponemus
341 2437 513 2493 semper,
535 2439 720 2494 quicquid
740 2454 829 2481 aere
849 2440 1035 2482 excusum
1055 2440 1133 2490 est3
1156 2441 1295 2481 deinde
1318 2441 1504 2482 addemus
1526 2442 1580 2480 in-

136 2495 290 2537 terdum
322 2498 543 2552 appendicis
572 2499 657 2539 loco
687 2497 845 2554 aliquod
876 2498 941 2541 vel
971 2500 1170 2540 marinum
1200 2529 1214 2552 ,
1243 2499 1308 2543 vel
1327 2499 1447 2541 foffile
1479 2499 1582 2552 quod

1383 2569 1520 2612 conge-
