1951 3085
486 220 552 280 '72
778 211 1478 279 SPUECIMEN

412 324 596 368 Navibus
627 323 663 362 8(
694 321 795 362 Vrbi
821 320 971 361 nostrae
1003 320 1240 375 praeberent
1263 349 1273 360 .
1305 318 1503 360 Distantia
1533 318 1643 372 hujus
1675 320 1815 360 Turris
1846 323 1870 361 a'

413 384 545 431 Mari,
577 392 619 420 ut
639 394 763 434 nuper
793 393 869 419 una
890 393 978 418 cum
1001 379 1117 419 Cella
1138 379 1394 434 cognovimus
1415 377 1467 417 est
1485 377 1633 417 Pedum
1657 389 1870 419 190000-

419 450 614 482 LXXXV.
635 438 971 488 Ariminensium,
1004 438 1040 476 8(
1061 439 1203 477 Murus
1224 437 1377 491 antiqui
1398 437 1535 475 Portus
1556 436 1592 475 ei
1613 435 1780 489 adjefitus
1802 437 1870 477 Pe-

414 499 524 539 dibus
539 507 754 538 CCCXVI.
768 496 821 537 est
832 496 992 550 longus,
1013 509 1134 550 quare
1147 497 1264 536 Mare
1286 495 1435 535 recessit
1455 493 1530 533 hoc
1551 493 1634 533 loco
1660 505 1868 535 CIDCCC.

417 556 607 607 Pedibus,
639 572 661 597 a
683 555 857 596 Moeniis
884 568 1028 608 nempe
1054 553 1170 592 Vrbis
1191 583 1203 604 ,
1235 567 1334 607 quae
1357 553 1486 592 Moles
1517 551 1585 592 illa
1604 581 1615 603 ,
1646 551 1711 593 seu
1731 553 1870 592 Murus

418 615 613 668 contingit
633 644 646 665 9
675 627 857 667 quaeque
879 613 977 652 olim
1001 613 1119 651 Mare
1142 612 1315 653 alluebat
1338 622 1349 662 3
1379 610 1446 650 sed
1466 611 1591 664 magis
1610 611 1761 650 receffit
1793 610 1871 649 alio

418 674 459 713 in
480 673 565 713 loco
586 701 597 723 ,
628 686 772 725 nempe
794 686 816 710 a
836 671 1032 721 MoeniiS,
1052 684 1152 724 quae
1174 669 1261 709 sunt
1282 670 1330 709 ad
1352 670 1511 710 Portam
1533 669 1749 722 Equitum,
1771 681 1871 722 quae

417 730 536 770 modo
567 729 673 769 ducit
705 729 753 769 ad
784 731 901 769 Mare
923 759 932 768 .
967 729 1027 767 Ibi
1058 729 1165 768 enim
1196 730 1314 769 Mare
1346 727 1458 767 distat
1489 726 1538 765 ab
1570 727 1676 768 Vrbe
1708 726 1873 766 Pedibus

422 797 797 828 CIOIDCCLXVI.
821 786 1156 837 Ariminensibus,
1181 786 1218 824 8(
1239 788 1356 826 Porta
1378 785 1446 825 ista
1468 798 1489 824 a
1511 786 1682 825 Moeniis
1703 784 1874 837 antiquis

416 848 691 886 Romanorum
713 844 877 884 Pedibus
902 855 1197 885 CCCXXIIII.
1221 844 1361 895 distat3
1391 845 1482 882 Hoc
1502 843 1609 882 enim
1629 842 1752 897 spatio
1773 842 1875 883 adie-

418 902 495 943 c‘lio
526 916 722 944 novarum
753 903 917 943 Viarum
951 903 1176 942 continetur
1195 931 1204 940 .
1242 905 1377 955 Quare
1410 900 1526 940 modo
1559 902 1676 940 Mare
1708 898 1820 939 distat
1851 914 1876 940 a

418 962 592 1003 Moeniis
612 962 886 1000 Romanorum
899 960 1062 1001 Pedibus
1090 970 1478 1001 CIDCIDLXXXX.
1510 958 1584 999 Sed
1605 958 1731 1012 major
1751 957 1875 998 adhuc

418 1020 472 1061 est
494 1019 674 1060 distantia
705 1019 731 1057 fi
753 1018 932 1059 mensura
952 1018 1128 1058 sumatur
1150 1019 1198 1057 ab
1217 1017 1328 1057 Ostio
1351 1018 1444 1057 novi
1467 1018 1603 1057 Portus
1617 1047 1626 1056 .
1662 1018 1812 1058 Verum
1833 1026 1876 1056 ut

419 1078 554 1118 onmia
575 1079 615 1116 in
636 1089 757 1116 unum
781 1076 1064 1126 conducamus,
1096 1076 1276 1115 Receffus
1309 1075 1460 1116 medius
1492 1077 1618 1115 Maris
1649 1089 1672 1115 a
1705 1074 1876 1115 Moeniis

418 1135 536 1174 Vrbis
566 1133 715 1175 nostrae
736 1163 748 1185 ,
780 1144 891 1188 quae
920 1133 1017 1175 olim
1048 1131 1175 1187 ipsum
1206 1134 1414 1184 alluebat,
1446 1133 1500 1173 est
1529 1133 1677 1172 Pedum
1718 1133 1876 1172 circiter

422 1203 694 1233 CIOIDCCL.
729 1194 863 1247 Qiare
885 1193 1019 1246 procul
1039 1191 1155 1231 dubio
1185 1205 1324 1232 revera
1344 1191 1462 1229 modo
1482 1190 1573 1230 satis
1594 1191 1746 1243 patenti
1769 1203 1791 1228 a
1812 1204 1876 1228 no-

418 1251 476 1290 bis
497 1250 645 1290 recessit
664 1252 782 1289 Mare
803 1279 814 1300 ,
846 1264 969 1303 quum
1001 1261 1058 1289 tot
1091 1249 1225 1304 jugera
1248 1261 1436 1303 agrorum
1456 1249 1683 1287 Hortorum
1702 1247 1877 1287 Cultori-

419 1309 489 1349 bus
509 1338 520 1359 ,
552 1309 588 1348 8(
609 1307 657 1348 ad
680 1309 840 1362 Segetes
861 1308 1000 1348 idonea
1022 1307 1227 1361 reliquerit
1248 1337 1256 1346 .
1292 1306 1412 1360 Cujus
1433 1307 1491 1346 rei
1513 1307 1652 1346 Turris
1684 1306 1721 1345 8(
1752 1304 1878 1345 moles

418 1367 488 1408 illa
511 1366 675 1406 mirifica
708 1366 747 1404 in
769 1365 864 1405 ficco
883 1366 1089 1406 haerentes
1122 1365 1359 1420 sempiterna
1389 1376 1505 1405 erunt
1531 1364 1750 1405 testimonia
1770 1393 1782 1415 ,
1814 1363 1878 1403 sed

418 1424 544 1465 adhuc
576 1425 700 1477 magis
734 1425 849 1463 Mare
882 1437 904 1462 a
935 1425 1129 1463 Ravenna
1161 1425 1310 1463 recessit
1331 1453 1343 1474 ,
1374 1437 1474 1476 quae
1503 1422 1601 1462 olim
1633 1421 1873 1476 temporibus

417 1484 694 1522 Romanorum
724 1480 1017 1520 &Gothorum
1050 1481 1155 1521 intra
1184 1482 1354 1521 marinas
1375 1483 1551 1521 Lacunas
1585 1481 1655 1521 sita
1682 1492 1802 1531 erat.)
1832 1491 1876 1519 ut

418 1554 521 1580 nunc
542 1540 642 1580 Vrbs
665 1538 899 1593 ampliflima
921 1540 1206 1589 Venetiarum,
1237 1540 1273 1581 8,(
1295 1552 1430 1579 tamen
1450 1539 1567 1579 modo
1596 1541 1638 1578 in
1659 1539 1754 1578 sicco
1785 1538 1875 1578 hae-

420 1610 481 1638 ret
504 1599 721 1648 Ravenua,
753 1609 794 1636 ut
817 1610 839 1636 a
860 1598 968 1637 Mari
1002 1598 1123 1637 tribus
1155 1597 1235 1637 fere
1258 1597 1430 1636 millibus
1446 1596 1608 1651 paffibus
1628 1595 1770 1646 distet3
1804 1596 1875 1634 Di-

418 1656 558 1697 stantia
579 1654 667 1695 sane
699 1669 799 1708 quae
821 1653 873 1695 est
894 1655 1012 1709 duplo
1044 1656 1108 1695 vel
1129 1655 1247 1709 triplo
1268 1654 1395 1707 major
1413 1684 1425 1705 ,
1456 1668 1577 1708 quam
1598 1653 1723 1694 nostra
1743 1666 1765 1692 a
1787 1655 1874 1694 Ma·

419 1715 453 1754 ri
474 1744 483 1754 .
519 1716 650 1769 Quare
673 1713 745 1752 hoc
766 1713 952 1766 exemplo
975 1714 1116 1753 moniti
1145 1713 1359 1768 prudenter
1379 1713 1486 1752 idem
1506 1712 1575 1751 fibi
1598 1723 1778 1752 metuunt
1802 1714 1876 1752 Ve-

421 1772 528 1821 neti,
559 1786 608 1815 ne
629 1769 775 1810 scilicet
794 1771 1097 1823 praeclarillima
1117 1786 1254 1811 eorum
1272 1771 1394 1820 Vrbs,
1427 1784 1527 1824 quae
1548 1771 1589 1810 in
1609 1770 1776 1812 Lacunis
1789 1771 1878 1810 Ma-

419 1831 471 1870 ris
491 1828 613 1882 posita
635 1839 792 1868 tantum
816 1829 956 1868 ceteris
973 1827 1165 1881 praestat,
1196 1828 1373 1868 tamdem
1394 1829 1433 1868 in
1456 1828 1552 1868 ficco
1572 1828 1759 1878 haereat,
1780 1828 1877 1867 mul-

421 1899 584 1940 tumque
606 1887 643 1926 ei
664 1885 711 1925 de
732 1884 929 1939 praesenti
950 1885 1153 1939 splendore
1172 1915 1183 1936 ,
1214 1886 1251 1923 8(
1282 1887 1397 1925 Aeris
1419 1884 1644 1926 salubritate
1677 1885 1840 1925 decedat
1858 1916 1871 1937 ,

422 1959 540 1999 atque
561 1958 583 1983 a
603 1943 749 1983 duobus
769 1943 939 1984 Saeculis
960 1943 1158 1997 sapienter
1180 1942 1471 1995 Hydrometras
1503 1944 1631 1983 varios
1663 1942 1776 1997 super
1803 1943 1878 1983 hac

424 2018 465 2044 re
487 2001 760 2042 consuluerunt
780 2031 792 2052 ,
824 2002 890 2055 qui
921 2004 1074 2056 magnis
1095 2001 1284 2042 sumtibus
1316 2001 1510 2055 quaedam
1532 2002 1717 2041 Flumina
1749 2015 1771 2041 a
1803 2003 1879 2042 Ve-

422 2061 620 2101 netiarum
641 2060 809 2101 Lacunis
840 2060 1056 2099 avertendo
1086 2058 1253 2114 prospici
1276 2060 1380 2113 poffe
1411 2060 1657 2101 crediderunt
1683 2090 1692 2099 .
1726 2060 1793 2098 An
1814 2074 1879 2100 ve—

421 2132 465 2159 ro
485 2118 558 2158 hoc
580 2116 697 2172 pas'to
719 2118 887 2158 Lacunis
906 2116 1166 2172 prospiciatur
1187 2118 1254 2158 alii
1275 2118 1446 2158 viderint
1467 2148 1476 2157 .
1511 2119 1696 2172 Polybius
1717 2117 1880 2171 quidem

421 2176 618 2219 excellens
640 2175 857 2216 Historicus
888 2177 1133 2231 eximiusque
1165 2175 1419 2230 Philosophus
1451 2176 1563 2216 fimul
1583 2207 1595 2228 ,
1627 2192 1676 2217 ex
1709 2175 1880 2231 ingreffu

422 2235 572 2274 Tanais
603 2234 644 2273 in
665 2236 806 2284 Mare,
839 2233 965 2288 ipsum
987 2234 1055 2275 illo
1086 2237 1126 2275 in
1147 2235 1233 2274 loco
1264 2235 1305 2274 in
1325 2235 1512 2276 Paludem
1534 2235 1647 2276 illam
1679 2235 1879 2275 celebrem

425 2291 462 2332 se
486 2291 755 2333 transmutasse
777 2293 902 2333 credit
922 2322 934 2343 ,
965 2307 1063 2347 quae
1096 2294 1270 2334 Maeotis
1302 2294 1525 2348 appellatur
1544 2323 1555 2344 ,
1587 2306 1705 2347 atque
1737 2293 1811 2332 hoc
1843 2307 1881 2332 e-

426 2350 586 2403 xemplo
617 2352 785 2391 Pontum
817 2351 1024 2391 Euxinum
1055 2366 1105 2392 ex
1137 2352 1223 2392 Istri
1255 2382 1267 2403 ,
1308 2351 1555 2405 Borysthenis
1576 2381 1588 2402 ,
1630 2352 1880 2405 aliorumque

424 2421 662 2461 magnorum
683 2409 914 2449 Fluminum
945 2410 1112 2464 ingressu
1144 2411 1184 2450 in
1205 2409 1391 2450 Paludem
1422 2424 1578 2465 quoque
1602 2409 1727 2464 ipsum
1761 2421 1882 2449 trans-

422 2477 621 2509 mutatum
652 2466 702 2507 iri
733 2479 1064 2521 argumentatur.
1108 2467 1183 2523 (a)
1214 2470 1365 2511 Verum
1395 2483 1418 2511 a
1449 2469 1690 2525 temporibus
1723 2467 1880 2520 Polybii

524 2574 528 2577 .
1709 2525 1823 2568 unde-

458 2587 515 2627 (a)
536 2589 632 2628 Ροζγέ.
654 2588 718 2619 Ιλέ,
735 2591 805 2620 IIII.
