1951 3085
375 220 734 281 AESTUS
794 223 1320 284 MARITIMI.
1440 228 1503 280 81

75 334 79 339 ⁶
136 346 207 401 git.
234 357 298 396 27.
319 344 344 384 1.
365 359 392 396 4
414 339 445 394 ζ-
475 346 512 385 8(
532 344 556 384 1.
576 356 609 396 5.
629 342 813 397 pervenit
833 372 842 382 .
877 342 1009 396 Major
1039 344 1140 384 item
1170 344 1336 385 altitudo
1358 346 1579 386 Barometri

134 412 300 466 contigit
327 412 401 452 hoc
422 425 546 463 anno,
565 425 641 466 quo
660 409 758 450 haec
780 408 980 450 scribimus
1004 422 1471 454 CIDIDCCXXXVIII.
1494 415 1581 453 No-

127 484 187 523 nis
210 484 457 536 Februariis,
488 498 586 539 quae
607 483 682 523 fuit
714 481 762 523 ad
793 482 903 537 digit.
925 485 989 524 28.
1022 484 1085 534 l.9
1108 476 1139 531 ξ
1158 485 1234 526 SW
1266 488 1384 527 flante
1417 488 1455 526 8<
1483 481 1581 527 sere-

124 555 175 581 no
200 543 347 585 Caelo.
380 546 485 584 Item
517 557 550 583 a.
573 542 609 582 d.
635 552 755 582 XIII.
790 541 879 580 Cal.
914 543 1037 581 Mart.
1071 541 1182 594 hujus
1213 545 1305 582 anni
1341 555 1581 586 0101000-

135 610 372 642 XXXVIII.
407 600 455 641 ad
486 600 667 640 eamdem
693 598 945 639 altitudinem
976 599 1076 650 fuit,
1106 599 1156 639 ad
1179 614 1300 653 quam
1319 602 1479 654 quidem
1510 615 1580 655 per

126 657 352 699 universum
373 658 446 698 hoc
468 657 780 712 quinquennium
801 670 1020 709 numquam
1042 669 1301 709 pervenerat.
1335 658 1479 711 Elapso
1500 660 1580 698 De-

125 715 274 756 cembri
295 717 387 756 anni
412 724 779 758 emtoccxxxv
796 724 852 753 11.
875 728 909 753 a.
932 713 968 753 d.
986 724 1122 753 XVII.
1144 715 1234 754 Cal.
1252 716 1408 769 Januar.
1430 717 1579 756 Altitu-

123 771 172 813 do
193 772 414 814 Barometri
436 785 612 827 tempore
634 785 803 826 magnae
830 771 931 810 illius
953 773 1132 811 Aurorae
1155 770 1327 813 Borealis
1358 772 1433 814 fuit
1455 773 1503 814 ad
1522 774 1577 813 di-

120 830 222 885 gitos
247 832 310 871 28.
342 832 367 871 l.
382 844 420 883 7.
453 832 510 870 ita
532 831 581 872 ad
602 830 784 872 eamdem
807 828 1062 870 altitudinem
1091 828 1173 870 fere
1207 829 1365 872 steterat
1395 845 1467 886 per
1496 831 1578 873 dies

121 888 272 942 aliquot
293 900 384 930 ante
406 890 442 928 8<
462 888 544 943 post
564 890 762 929 Auroram
783 887 918 928 illam.

156 947 362 989 Notitiam
384 961 564 988 motuum
576 946 877 989 Thermometri
898 946 1330 1001 praetermitto,quum
1350 957 1469 988 antea
1490 945 1576 988 usus

120 1002 266 1045 fuerim
287 1006 608 1046 Thermometris
629 1007 889 1056 Florentinis,
910 1006 946 1043 δε
970 1006 1299 1056 Amontonianis,
1320 1019 1420 1059 quae
1439 1005 1576 1045 multis

120 1062 382 1104 incommodis
393 1064 430 1104 8<
444 1064 735 1106 difficultatibus
745 1093 757 1114 ,
777 1076 820 1101 ut
831 1063 944 1100 docet
956 1062 1349 1112 Muschenbroekius,
1360 1061 1444 1101 sunt
1457 1062 1575 1102 obno-

118 1120 187 1160 xia
209 1119 288 1171 (a).
323 1121 480 1160 Addam
502 1135 635 1160 tamen
656 1121 849 1172 majorem
871 1119 1043 1158 calorem
1061 1133 1132 1174 per
1152 1119 1225 1159 hoc
1237 1120 1576 1173 quinquennium,

115 1187 159 1217 ut
181 1189 254 1229 ego
275 1177 436 1230 quidem
458 1191 508 1217 ex
529 1177 848 1218 antecedentibus
868 1174 1089 1228 conjefitura
1112 1176 1255 1227 ducor,
1284 1177 1392 1217 fuisse
1412 1176 1486 1216 hoc
1508 1191 1576 1218 an-

112 1248 165 1274 no
201 1234 879 1299 CIQIQCCXXXV111.Q1intili
911 1235 948 1273 8<
979 1234 1120 1274 Sextili
1152 1207 1325 1286 Meriie,
1354 1248 1449 1275 nam
1480 1247 1573 1276 tunc

115 1294 189 1344 Hy
179 1291 305 1331 draro
283 1306 401 1346 gyrus
413 1292 719 1332 Thermometri
740 1293 851 1346 juxta
872 1290 1105 1332 methodum
1117 1293 1205 1333 Islei
1220 1291 1447 1344 construffli,
1468 1292 1574 1347 quod

114 1350 215 1390 mihi
237 1349 338 1389 dono
359 1350 430 1391 nsss¹
430 1362 520 1398 erat
551 1352 625 1390 Vir
647 1350 921 1390 Illustriffimus
947 1351 1142 1390 Antonius
1163 1353 1373 1404 Leprottus
1404 1350 1572 1391 Archia-

114 1418 180 1450 ter
198 1408 426 1448 Pontificius
446 1409 496 1448 ad
516 1408 767 1448 altitudinem
789 1408 964 1461 partium
986 1409 1052 1459 83.
1075 1421 1146 1461 per
1165 1409 1311 1460 plureis
1331 1408 1412 1448 dies
1435 1408 1560 1448 stetit.

175 1466 405 1517 Declinatio
429 1467 633 1521 Magnetis
659 1465 761 1521 apud
780 1479 848 1505 nos
868 1464 921 1505 est
940 1465 1071 1515 nulla,
1102 1476 1146 1504 ut
1167 1465 1282 1504 modo
1299 1463 1380 1520 ipio
1401 1466 1571 1506 brumali

115 1523 179 1565 die
201 1523 313 1575 hujus
334 1526 429 1564 anni
452 1536 539 1565 ΟΠ)
552 1534 710 1565 IDCCX
723 1534 921 1564 XXVIII
953 1537 1031 1562 una
1062 1536 1152 1562 cum
1169 1523 1284 1564 Cella
1317 1537 1366 1565 ex
1397 1524 1571 1578 pluribus

112 1580 329 1635 Pyxidibus
348 1582 568 1621 Nauticis
555 1596 598 1621 in
620 1582 847 1623 Meridiana
868 1581 991 1621 Linea
1014 1580 1210 1621 collocatis
1231 1583 1508 1636 cognovimus.

172 1638 394 1679 Vulturnus
418 1641 599 1691 Ventus,
632 1640 696 1681 seu
726 1643 785 1681 SE
819 1652 903 1681 tota
924 1638 1086 1680 Aestate
1117 1639 1227 1681 nobis
1256 1639 1310 1680 est
1331 1651 1540 1694 perpetuus
1559 1668 1571 1691 ,

111 1695 180 1737 seu
200 1697 443 1750 periodicuS,
473 1698 541 1738 nisi
563 1670 696 1753 aliqua
715 1699 890 1740 Procella
913 1696 1067 1752 surgat,
1097 1711 1197 1752 quae
1230 1696 1356 1751 ipsum
1386 1698 1570 1739 intertur-

114 1754 205 1795 bet.
238 1754 357 1794 Flare
380 1754 520 1808 incipit
539 1771 640 1797 circa
661 1758 900 1807 Meridiem,
919 1755 1102 1795 &desinit
1116 1755 1332 1795 Occidente
1345 1755 1455 1805 Sole,
1477 1768 1569 1808 qua-

112 1825 156 1854 re
179 1810 341 1853 Aestate
365 1811 521 1867 fingulis
541 1813 674 1854 diebus
703 1815 742 1854 8<
762 1814 867 1855 statis
886 1787 991 1853 lioris
1019 1813 1178 1866 navigia
1208 1826 1260 1851 ex
1293 1813 1411 1851 Portu
1442 1811 1570 1852 nostro

111 1869 266 1910 solvere
289 1869 443 1923 poffunt
463 1870 500 1909 8<
518 1872 704 1914 Venetias
723 1871 982 1913 contendere,
1016 1871 1163 1911 Hieme
1180 1883 1274 1910 vero
1292 1869 1380 1910 heic
1400 1869 1570 1923 plerum-

112 1942 190 1982 que
212 1926 391 1980 Africus,
415 1927 480 1969 seu
500 1928 576 1970 SW
599 1928 740 1982 spirat.
773 1933 925 1971 Verum
944 1928 1042 1968 haec
1063 1942 1187 1983 pauca
1206 1927 1253 1968 de
1274 1928 1466 1968 Meteoris
1486 1941 1567 1968 om-

117 1985 233 2025 nibus
248 2013 260 2035 ‚
291 1999 392 2038 quae
413 1985 461 2026 ad
482 1987 563 2027 Res
584 1987 763 2028 Marinas
793 1989 927 2042 aliquo
947 1983 1063 2040 pacto
1081 1986 1282 2041 pertinent
1299 1999 1372 2042 pro
1391 1984 1568 2041 praesen-

113 2044 148 2085 ti
178 2043 403 2099 Specimine
434 2043 507 2086 fint
538 2042 650 2085 satis.

565 2273 1113 2331 FINIS.

1140 2496 1175 2540 L
1412 2498 1506 2538 An-

156 2595 214 2634 (ει)
234 2595 525 2637 Element.Phys1'c.§.
537 2606 601 2638 527.
622 2597 660 2632 ὢ·
675 2599 840 2630 Tentamin.
860 2597 1047 2638 Experiment.
1063 2596 1263 2627 Adclitament.
1284 2599 1350 2635 pag.
1358 2602 1387 2631 9.
