1951 3085
477 231 546 287 50
782 208 1467 266 PRAEFATIO.

394 324 439 363 Β(
460 323 660 363 turbatum
684 318 894 374 diligenter
915 318 955 358 in
978 316 1217 360 Adversaria
1239 315 1388 368 nostra,
1420 315 1485 358 seu
1498 315 1784 373 Ephemerides
1805 329 1862 357 re-

401 381 643 421 ferebamus.
675 381 811 434 Quare
833 391 883 417 ex
906 376 966 416 his
985 377 1166 417 omnibus
1197 376 1222 416 fi
1247 390 1324 416 non
1347 375 1528 416 universa
1560 376 1701 430 plane,
1732 376 1769 416 8<
1791 374 1863 415 mi-

402 451 500 480 nuta
521 438 649 478 Maris
671 449 815 477 eventa
836 435 1132 490 indagavimuS,
1152 435 1478 489 praestantissima
1498 446 1604 475 certe
1625 435 1663 474 &
1681 435 1864 475 maxima

404 496 681 551 cognovimus,
703 509 752 535 ex
768 489 908 549 quibus
928 492 1147 548 sequenteis
1168 493 1452 547 Propositiones
1472 507 1738 547 exponemus,
1759 505 1862 548 quae

403 569 481 595 non
503 569 553 595 ex
574 553 781 608 hypothefi
804 554 958 607 aliqua,
986 551 1048 593 secl
1071 567 1120 593 ex
1143 553 1261 593 meris
1283 550 1637 595 Observationibus
1661 563 1776 592 erunt
1799 550 1864 591 de-

405 611 568 662 duflaffi
600 613 723 667 quue
746 613 967 666 probabunt
989 624 1126 651 01111163
1157 612 1224 665 qui
1245 609 1426 665 sapiunt,
1456 611 1493 650 8<
1510 610 1665 651 fortaffe
1685 608 1863 651 observatu

407 673 533 712 tiones
554 671 628 711 hae
652 670 910 725 perpauculae
932 670 1067 709 multis
1088 670 1348 709 incitamento
1370 681 1510 719 erunt,
1535 681 1577 708 ut
1598 668 1766 722 majores
1786 667 1865 722 ple-

406 731 611 782 nioresque
633 728 860 779 instituant,
891 740 933 768 ut
955 727 1135 768 tamdem
1156 727 1367 783 aliquando
1388 727 1557 780 systema
1579 726 1738 781 aliquod
1760 724 1865 766 abso-

403 788 532 827 lutum
556 801 608 828 ex
629 787 879 827 veriscaui'iis‘
897 786 1191 841 rationibusque
1211 784 1422 828 deduelum
1444 785 1696 836 conficiatur3
1720 784 1772 827 fin
1794 785 1865 827 mi-

402 859 495 896 nuS,
516 844 690 886 Historia
710 858 844 887 tamen
864 844 975 897 hujus
996 845 1184 899 praeclari
1206 844 1474 886 Phaenomeni
1500 844 1673 883 multum
1698 841 1865 896 amplifi·

408 904 584 954 cabitur,
616 918 715 958 quae
738 903 895 958 quidem
917 902 1113 957 hucusque
1145 917 1286 944 manca
1318 902 1528 942 admodum
1552 901 1626 941 fuit
1646 930 1659 951 ,
1690 902 1726 940 8<
1748 901 1866 941 muti-

404 962 466 1012 la,
496 974 538 1002 111
561 962 781 1003 videbimus
800 991 810 1000 .
843 962 932 1003 Mei
950 960 1104 1003 fortasse
1126 975 1204 1001 non
1225 972 1335 1012 erat,
1367 974 1496 1015 neque
1519 960 1680 1000 alterius
1712 959 1865 1001 Privati

407 1021 594 1066 Hominis
615 1034 701 1060 rem
723 1032 876 1060 tantam
900 1019 1083 1074 aggredi,
1110 1019 1173 1060 sed
1196 1021 1438 1070 multorum,
1460 1032 1578 1072 atque
1601 1018 1762 1073 alicujus
1783 1031 1866 1059 ma-

405 1079 473 1133 gni
485 1079 674 1132 Principis
695 1077 844 1117 auxilio
863 1077 1086 1132 indigebat.
1110 1077 1342 1123 Academici
1355 1078 1461 1118 Galli
1481 1078 1646 1132 quidem
1668 1091 1757 1118 earn
1780 1089 1867 1117 rem

406 1150 498 1176 aere
520 1137 674 1190 publico
704 1137 743 1175 in
764 1136 957 1189 aliquibus
978 1136 1168 1176 Portubus
1190 1137 1342 1177 Oceani
1363 1148 1567 1177 tentarunt
1591 1148 1602 1186 ς
1638 1137 1791 1175 Verum
1822 1134 1864 1174 hi

403 1194 692 1248 conquisierunt
714 1194 955 1248 potissimum
983 1208 1063 1247 qua
1083 1195 1179 1235 hora
1199 1194 1477 1234 intumesceret
1501 1206 1609 1234 mare
1642 1195 1682 1232 111
1707 1193 1864 1248 singulis

403 1253 617 1303 Portubus,
635 1265 753 1306 atque
776 1252 1062 1305 Ephemerides
1083 1252 1274 1306 quasdam
1298 1250 1572 1301 confecerunt,
1593 1251 1732 1305 quibus
1754 1253 1865 1291 Naur-

403 1321 467 1351 tae
489 1310 595 1351 statis
614 1311 857 1365 temporibus
878 1309 972 1350 scire
994 1309 1144 1364 possent
1177 1324 1267 1350 cum
1297 1310 1482 1350 Navibus
1503 1308 1576 1348 suis
1607 1311 1745 1349 Portus
1777 1309 1864 1349 illos

403 1369 610 1410 commode
642 1383 781 1423 capere
803 1399 812 1408 .
846 1370 980 1420 Quare
1013 1368 1133 1409 bonos
1164 1369 1251 1408 illos
1282 1369 1415 1408 Gallos
1447 1380 1611 1422 apparet
1643 1369 1862 1408 utilitatem

402 1427 618 1479 quamdam
640 1427 918 1466 mercatoriam
939 1438 1029 1466 ante
1052 1426 1181 1466 oculos
1201 1426 1373 1468 habuisse
1393 1457 1406 1478 ,
1437 1428 1474 1466 &
1496 1426 1680 1469 lucellum
1702 1438 1861 1466 tantum

402 1484 472 1524 sibi
493 1484 749 1540 proposuisse,
780 1497 989 1544 ceteraque
1007 1498 1107 1540 pene
1130 1485 1343 1539 neglexisse
1358 1515 1368 1526 .
1401 1485 1476 1529 Sed
1498 1486 1621 1538 majus
1643 1485 1801 1540 aliquod
1822 1485 1864 1524 111

403 1542 478 1582 1136
501 1557 539 1582 16
562 1541 636 1593 est,
671 1542 774 1597 quod
805 1542 874 1582 fibi
894 1543 1245 1597 contemplandum
1275 1557 1496 1597 proponant
1520 1543 1674 1596 Pliyfici
1697 1573 1709 1593 ,
1741 1542 1863 1597 quani

403 1600 589 1655 ingressus
609 1602 792 1642 Navium
814 1603 854 1641 in
877 1602 1037 1652 Portus,
1069 1602 1227 1656 vileque
1250 1600 1543 1642 raudusculum.
1579 1602 1731 1658 Qubus
1752 1602 1862 1642 enim

404 1660 530 1698 modis
561 1660 597 1698 8<
618 1673 695 1714 qua
715 1661 867 1700 ratione
899 1661 1072 1700 Terram
1097 1661 1252 1714 quatiat
1272 1661 1485 1713 Neptunus
1509 1689 1521 1710 ‚
1553 1673 1722 1713 eamque
1743 1660 1865 1701 contio

403 1730 520 1765 neat,
552 1731 594 1757 ut
626 1719 681 1758 ait
714 1720 915 1759 Homerus
935 1747 946 1768 ,
978 1718 1282 1772 inquirendum,
1313 1718 1429 1771 idque
1453 1717 1577 1757 modis
1598 1719 1708 1757 miris
1728 1719 1865 1759 varii&¹

404 1789 480 1829 que
502 1775 586 1816 fieri
606 1776 709 1829 poffe
730 1777 973 1816 videbimuS.
1009 1780 1143 1832 Qare
1166 1789 1349 1829 rogamus
1368 1776 1529 1825 Gallos,
1551 1788 1594 1816 ut
1615 1777 1759 1817 iterum
1782 1775 1865 1816 suas

401 1831 693 1873 observationes
713 1833 929 1873 accuratius
952 1845 1137 1885 repetant
1157 1861 1168 1880 ,
1200 1846 1384 1885 rogamus
1415 1830 1648 1885 Britannos,
1681 1837 1864 1875 Batavos-

402 1904 501 1946 que,
522 1892 589 1944 qui
609 1890 725 1930 hodie
746 1902 908 1943 propter
928 1890 1057 1928 varias
1079 1889 1250 1930 colonias
1272 1890 1312 1927 in
1334 1889 1470 1940 India,
1502 1890 1663 1941 Africa,
1684 1893 1719 1930 8(
1741 1893 1864 1932 Α1116-

403 1949 507 1996 rica,
538 1950 574 1986 &
594 1961 755 2003 propter
777 1948 853 1986 Rei
875 1947 1047 1988 Navalis
1067 1947 1353 1987 excellentiam
1376 1948 1588 2002 imperium
1612 1951 1739 1989 Maris
1770 1965 1864 2005 quo2²

402 2005 615 2047 dammodo
636 2018 771 2046 tenere
798 2005 983 2045 videntur
1003 2035 1015 2056 ‚
1046 2019 1229 2060 rogamus
1259 2005 1427 2060 denique
1459 2007 1659 2048 Sarmatas
1680 2008 1766 2048 illos
1797 2011 1863 2049 flo-

405 2064 638 2104 rentissimos
668 2065 734 2119 qui
757 2064 872 2103 modo
894 2064 1069 2118 Opibus,
1099 2064 1235 2103 Armis
1253 2093 1265 2114 ,
1295 2065 1460 2104 Litteris
1485 2065 1582 2108 nulli
1615 2068 1700 2106 sunt
1733 2066 1864 2107 secun-

401 2121 464 2170 di,
485 2124 631 2176 quique
651 2137 729 2163 non
751 2134 906 2163 tantum
930 2136 998 2177 per
1018 2122 1224 2177 glacialem
1247 2123 1452 2163 Oceanum
1469 2154 1480 2174 ,
1501 2136 1544 2164 ut
1565 2124 1660 2165 olim
1675 2155 1686 2176 ,
1707 2124 1770 2166 sed
1793 2140 1864 2180 per

401 2180 640 2232 Hyrcanum
663 2211 675 2233 ,
706 2195 778 2236 per
809 2182 1004 2220 Balticum
1027 2211 1039 2229 ,
1069 2194 1140 2235 per
1161 2180 1334 2231 Album,
1364 2196 1434 2236 per
1454 2183 1631 2238 Nigrum
1653 2213 1665 2234 ,
1696 2182 1761 2225 seu
1791 2197 1865 2239 per

400 2238 607 2281 Euxinum
628 2269 640 2289 ,
670 2238 997 2293 Maeotidemque
1020 2239 1207 2279 Paludem
1230 2240 1342 2294 longe
1364 2241 1521 2294 ,lateque
1553 2242 1754 2294 imperant
1775 2271 1785 2291 ,
1817 2254 1861 2282 ut

404 2293 625 2348 symbolam
639 2296 744 2338 suam
767 2298 840 2338 1136
861 2299 953 2338 inre
975 2297 1202 2347 conserant,
1226 2310 1343 2352 atque
1365 2313 1435 2353 per
1457 2300 1636 2342 universa
1650 2301 1784 2340 Maria
1806 2301 1861 2341 Si-

404 2367 552 2409 nusque
576 2358 658 2396 suos
689 2356 858 2397 eruditos
878 2356 1058 2396 homines
1089 2358 1252 2396 mittant
1273 2386 1285 2407 ,
1316 2359 1382 2411 qui
1414 2359 1543 2398 varios
1564 2356 1688 2397 aestus
1719 2371 1862 2412 cogno-

403 2409 511 2460 scant
530 2442 541 2462 ,
573 2414 758 2468 nobisque
780 2415 955 2455 referant
975 2444 984 2454 .
1018 2416 1107 2454 Hoc
1128 2415 1235 2455 enim
1267 2418 1477 2470 quicquam
1500 2416 1739 2470 praeclarius
1773 2416 1858 2457 fieri

401 2470 505 2523 posse
536 2472 576 2510 in
597 2472 759 2524 Physica
791 2488 908 2514 nemo
928 2473 1089 2528 negabit
1110 2502 1119 2513 .
1154 2475 1288 2531 Qum
1321 2475 1430 2514 omni
1450 2488 1550 2515 aevo
1580 2475 1718 2515 Aestus
1739 2475 1856 2515 mari—

400 2540 472 2569 nus
492 2542 727 2585 magnorum
749 2534 972 2573 Hominum
991 2533 1149 2588 ingenia
1172 2532 1409 2576 excitaverit
1428 2563 1441 2588 ,
1472 2545 1590 2591 atque
1622 2548 1694 2589 pro
1716 2549 1762 2575 eo
1794 2547 1853 2572 co*

1700 2606 1792 2653 gno==
